@book{Aggarwal:2010:MMG:1738952,
 author = {Aggarwal, Charu C. and Wang, Haixun},
 title = {Managing and Mining Graph Data},
 year = {2010},
 isbn = {1441960449, 9781441960443},
 edition = {1st},
 publisher = {Springer Publishing Company, Incorporated},
}

@inproceedings{RomeoIT15,
  author    = {S. Romeo and
               D. Ienco and
               A. Tagarelli},
  title     = {Knowledge-Based Representation for Transductive Multilingual Document
               Classification},
  booktitle = {37th European Conference on {IR}
               Research, {ECIR} 2015, Vienna, Austria, March 29 - April 2, 2015.
               Proceedings},
  pages     = {92--103},
  year      = {2015}
}


@article{BonchiCI13,
  author    = {F. Bonchi and
               C. Castillo and
               D. Ienco},
  title     = {Meme ranking to maximize posts virality in microblogging platforms},
  journal   = {J. Intell. Inf. Syst.},
  volume    = {40},
  number    = {2},
  pages     = {211--239},
  year      = {2013}
}

@article{Guttler16,
  author    = {F. Guttler and D. Ienco and P. Poncelet and M. Teisseire},
  title     = {Combining Transductive and Active Learning to  Improve  Object-based  Classification  of  Remote  Sensing  Images},
  journal   = {Remote Sensing Letters},
  volume    = {Accepted for publication},
  number    = {-}, 
  pages     = {1--10},
  year      = {2016}
}


@article{TuiaMGM13,
  author    = {D. Tuia and
               J. Mu{\~{n}}oz{-}Mar{\'{\i}} and
               L. G{\'{o}}mez{-}Chova and
               J. Malo},
  title     = {Graph Matching for Adaptation in Remote Sensing},
  journal   = {{IEEE} T. Geoscience and Remote Sensing},
  volume    = {51},
  number    = {1},
  pages     = {329--341},
  year      = {2013}
}

@inproceedings{Bourqui16,
  author    = {R. Bourqui, A. Sallaberry, D. Ienco and P. Poncelet},
  title     = {Multilayer  Graph  Edge  Bundling},
  booktitle = {IEEE Pacific Visualization},
  pages     = {1--5},
  year      = {2016}
}

@inproceedings{Ingalalli16,
  author    = {V. Ingalalli, D. Ienco, P. Poncelet and S. Villata},
  title     = {Querying RDF Data Using A Multigraph-basedApproach},
  booktitle = {International Conference on Extending Database Technology (EDBT)},
  pages     = {1--12},
  year      = {2016}
}

@inproceedings{RedondoSIZP15,
  author    = {D. Redondo and
               A. Sallaberry and
               D. Ienco and
               F. Zaidi and
               P. Poncelet},
  title     = {Layer-Centered Approach for Multigraphs Visualization},
  booktitle = {19th International Conference on Information Visualisation, {IV} 2015,
               Barcelona, Spain, July 22-24, 2015},
  pages     = {50--55},
  year      = {2015}
}
@inproceedings{PapalexakisAI13,
  author    = {E. E. Papalexakis and
               L. Akoglu and
               D. Ienco},
  title     = {Do more views of a graph help? Community detection and clustering
               in multi-graphs},
  booktitle = {Proceedings of the 16th International Conference on Information Fusion,
               {FUSION} 2013, Istanbul, Turkey, July 9-12, 2013},
  pages     = {899--905},
  year      = {2013}
}

@inproceedings{BodenGHS12,
  author    = {B. Boden and
               S. G{\"{u}}nnemann and
               H. Hoffmann and
               T. Seidl},
  title     = {Mining coherent subgraphs in multi-layer graphs with edge labels},
  booktitle = {The 18th {ACM} {SIGKDD} International Conference on Knowledge Discovery
               and Data Mining, {KDD} '12, Beijing, China, August 12-16, 2012},
  pages     = {1258--1266},
  year      = {2012}
}

@article{TangWL12,
  author    = {L. Tang and
               X. Wang and
               H. Liu},
  title     = {Community detection via heterogeneous interaction analysis},
  journal   = {Data Min. Knowl. Discov.},
  volume    = {25},
  number    = {1},
  pages     = {1--33},
  year      = {2012}
}

@inproceedings{BonchiGGU14,
  author    = {F. Bonchi and
               A. Gionis and
               F. Gullo and
               A. Ukkonen},
  title     = {Distance oracles in edge-labeled graphs},
  booktitle = {Proceedings of the 17th International Conference on Extending Database
               Technology, {EDBT} 2014, Athens, Greece, March 24-28, 2014.},
  pages     = {547--558},
  year      = {2014}
}

@inproceedings{JinHWRX10,
  author    = {R. Jin and
               H. Hong and
               H. Wang and
               N. Ruan and
               Y. Xiang},
  title     = {Computing label-constraint reachability in graph databases},
  booktitle = {Proceedings of the {ACM} {SIGMOD} International Conference on Management
               of Data, {SIGMOD} 2010, Indianapolis, Indiana, USA, June 6-10, 2010},
  pages     = {123--134},
  year      = {2010}
}

@inproceedings{LibkinRV13,
  author    = {L. Libkin and
               J. L. Reutter and
               D. Vrgoc},
  title     = {Trial for {RDF:} adapting graph query languages for {RDF} data},
  booktitle = {Proceedings of the 32nd {ACM} {SIGMOD-SIGACT-SIGART} Symposium on
               Principles of Database Systems, {PODS} 2013, New York, NY, {USA} -
               June 22 - 27, 2013},
  pages     = {201--212},
  year      = {2013}
}

@inproceedings{YanH02,
  author    = {X. Yan and
               J. Han},
  title     = {gSpan: Graph-Based Substructure Pattern Mining},
  booktitle = {Proceedings of the 2002 {IEEE} International Conference on Data Mining
               {(ICDM} 2002), 9-12 December 2002, Maebashi City, Japan},
  pages     = {721--724},
  year      = {2002}
}

@article{KuramochiK05,
  author    = {M. Kuramochi and
               G. Karypis},
  title     = {Finding Frequent Patterns in a Large Sparse Graph\({}^{\mbox{*}}\)},
  journal   = {Data Min. Knowl. Discov.},
  volume    = {11},
  number    = {3},
  pages     = {243--271},
  year      = {2005}
}

@article{ElseidyASK14,
  author    = {M. Elseidy and
               E. Abdelhamid and
               S. Skiadopoulos and
               P. Kalnis},
  title     = {{GRAMI:} Frequent Subgraph and Pattern Mining in a Single Large Graph},
  journal   = {{PVLDB}},
  volume    = {7},
  number    = {7},
  pages     = {517--528},
  year      = {2014}
}

@article{BonniciGPSF13,
  author    = {V. Bonnici and
               R. Giugno and
               A. Pulvirenti and
               D. Shasha and
               A. Ferro},
  title     = {A subgraph isomorphism algorithm and its application to biochemical
               data},
  journal   = {{BMC} Bioinformatics},
  volume    = {14},
  number    = {{S-7}},
  pages     = {S13},
  year      = {2013}
}


@inproceedings{Ingalalli15,
  author    = {V. Ingalalli, D. Ienco, P. Poncelet},
  title     = {On Querying Large Graphs with Multiple Relationships},
  booktitle = {Conf\'{e}rence sur la G\'{e}stion de Donn\'{e}es  Principes, Technologies et Applications (BDA)},
  pages     = {1--12},
  year      = {2015}
}

@article{VreekenLS11,
  author    = {J. Vreeken and
               M. van Leeuwen and
               A. Siebes},
  title     = {Krimp: mining itemsets that compress},
  journal   = {Data Min. Knowl. Discov.},
  volume    = {23},
  number    = {1},
  pages     = {169--214},
  year      = {2011}
}

@article{TattiM10,
  author    = {N. Tatti and
               M. Mampaey},
  title     = {Using background knowledge to rank itemsets},
  journal   = {Data Min. Knowl. Discov.},
  volume    = {21},
  number    = {2},
  pages     = {293--309},
  year      = {2010}
}

@article{Tatti08,
  author    = {N. Tatti},
  title     = {Maximum entropy based significance of itemsets},
  journal   = {Knowl. Inf. Syst.},
  volume    = {17},
  number    = {1},
  pages     = {57--77},
  year      = {2008}
}

@inproceedings{Low-KamRKP13,
  author    = {C. Low{-}Kam and
               C. Ra{\"{\i}}ssi and
               M. Kaytoue and
               J. Pei},
  title     = {Mining Statistically Significant Sequential Patterns},
  booktitle = {2013 {IEEE} 13th International Conference on Data Mining, Dallas,
               TX, USA, December 7-10, 2013},
  pages     = {488--497},
  year      = {2013}
}

@inproceedings{RiondatoU15,
  author    = {M. Riondato and
               E. Upfal},
  title     = {Mining Frequent Itemsets through Progressive Sampling with Rademacher
               Averages},
  booktitle = {Proceedings of the 21th {ACM} {SIGKDD} International Conference on
               Knowledge Discovery and Data Mining, Sydney, NSW, Australia, August
               10-13, 2015},
  pages     = {1005--1014},
  year      = {2015}
}

@article{HasanZ09,
  author    = {M. Al Hasan and
               M. J. Zaki},
  title     = {Output Space Sampling for Graph Patterns},
  journal   = {{PVLDB}},
  volume    = {2},
  number    = {1},
  pages     = {730--741},
  year      = {2009}
}

@article{SahaH15,
  author    = {T. K. Saha and
               M. Al Hasan},
  title     = {FS\({}^{\mbox{3}}\): {A} sampling based method for top-\emph{k} frequent
               subgraph mining},
  journal   = {Statistical Analysis and Data Mining},
  volume    = {8},
  number    = {4},
  pages     = {245--261},
  year      = {2015}
}

@inproceedings{WangCF13,
  author    = {J. Wang and
               J. Cheng and
               A. Wai{-}Chee Fu},
  title     = {Redundancy-aware maximal cliques},
  booktitle = {The 19th {ACM} {SIGKDD} International Conference on Knowledge Discovery
               and Data Mining, {KDD} 2013, Chicago, IL, USA, August 11-14, 2013},
  pages     = {122--130},
  year      = {2013}
}


@inproceedings{HendrickxCMNLG15,
  author    = {T. Hendrickx and
               B. Cule and
               P. Meysman and
               S. Naulaerts and
               K. Laukens and
               B. Goethals},
  title     = {Mining Association Rules in Graphs Based on Frequent Cohesive Itemsets},
  booktitle = {Advances in Knowledge Discovery and Data Mining - 19th Pacific-Asia
               Conference, {PAKDD} 2015, Ho Chi Minh City, Vietnam, May 19-22, 2015,
               Proceedings, Part {II}},
  pages     = {637--648},
  year      = {2015}
}

@article{BringmannBBG10,
  author    = {B.n Bringmann and
               M. Berlingerio and
               F. Bonchi and
               A. Gionis},
  title     = {Learning and Predicting the Evolution of Social Networks},
  journal   = {{IEEE} Intelligent Systems},
  volume    = {25},
  number    = {4},
  pages     = {26--35},
  year      = {2010}
}


@article{CoenenLA04,
  author    = {F. Coenen and
               P. H. Leng and
               S. Ahmed},
  title     = {Data Structure for Association Rule Mining: T-Trees and P-Trees},
  journal   = {{IEEE} Trans. Knowl. Data Eng.},
  volume    = {16},
  number    = {6},
  pages     = {774--778},
  year      = {2004}
}

@article{ZhuQLYHY11,
  author    = {F. Zhu and
               Q. Qu and
               D. Lo and
               X. Yan and
               J. Han and
               P. S. Yu},
  title     = {Mining Top-K Large Structural Patterns in a Massive Network},
  journal   = {{PVLDB}},
  volume    = {4},
  number    = {11},
  pages     = {807--818},
  year      = {2011}
}

@article{Morales-GonzalezAARM14,
  author    = {A. Morales{-}Gonz{\'{a}}lez and
               N. Acosta{-}Mendoza and
               A. Gago Alonso and
               E. B. Garc{\'{\i}}a Reyes and
               J. E. Medina{-}Pagola},
  title     = {A new proposal for graph-based image classification using frequent
               approximate subgraphs},
  journal   = {Pattern Recognition},
  volume    = {47},
  number    = {1},
  pages     = {169--177},
  year      = {2014}
}

@inproceedings{AnchuriZBGS13,
  author    = {P. Anchuri and
               M. J. Zaki and
               O. Barkol and
               S. Golan and
               M. Shamy},
  title     = {Approximate graph mining with label costs},
  booktitle = {The 19th {ACM} {SIGKDD} International Conference on Knowledge Discovery
               and Data Mining, {KDD} 2013, Chicago, IL, USA, August 11-14, 2013},
  pages     = {518--526},
  year      = {2013}
}

@article{SilvaMZ12,
  author    = {Arlei Silva and
               Wagner Meira Jr. and
               Mohammed J. Zaki},
  title     = {Mining Attribute-structure Correlated Patterns in Large Attributed
               Graphs},
  journal   = {{PVLDB}},
  volume    = {5},
  number    = {5},
  pages     = {466--477},
  year      = {2012}
}

@inproceedings{CakmakO08,
  author    = {A. Cakmak and
               G. {\"{O}}zsoyoglu},
  title     = {Taxonomy-superimposed graph mining},
  booktitle = {{EDBT} 2008, 11th International Conference on Extending Database Technology,
               Nantes, France, March 25-29, 2008, Proceedings},
  pages     = {217--228},
  year      = {2008}
}

@article{YooB12,
  author    = {J. Soung Yoo and
               M. Bow},
  title     = {Mining spatial colocation patterns: a different framework},
  journal   = {Data Min. Knowl. Discov.},
  volume    = {24},
  number    = {1},
  pages     = {159--194},
  year      = {2012}
}

@inproceedings{LinLSLZ15,
  author    = {Y. Lin and
               Z. Liu and
               M. Sun and
               Y. Liu and
               X. Zhu},
  title     = {Learning Entity and Relation Embeddings for Knowledge Graph Completion},
  booktitle = {Proceedings of the Twenty-Ninth {AAAI} Conference on Artificial Intelligence,
               January 25-30, 2015, Austin, Texas, {USA.}},
  pages     = {2181--2187},
  year      = {2015}
}

@article{Nickel0TG16,
  author    = {M. Nickel and
               K. Murphy and
               V. Tresp and
               E. Gabrilovich},
  title     = {A Review of Relational Machine Learning for Knowledge Graphs},
  journal   = {Proceedings of the {IEEE}},
  volume    = {104},
  number    = {1},
  pages     = {11--33},
  year      = {2016}
}

@inproceedings{YahyaBBWW16,
  author    = {M. Yahya and
               D. Barbosa and
               K. Berberich and
               Q. Wang and
               G. Weikum},
  title     = {Relationship Queries on Extended Knowledge Graphs},
  booktitle = {Proceedings of the Ninth {ACM} International Conference on Web Search
               and Data Mining, San Francisco, CA, USA, February 22-25, 2016},
  pages     = {605--614},
  year      = {2016}
}

@article{FreitasSCB15,
  author    = {A. Freitas and
               J. C. Pereira da Silva and
               E. Curry and
               P. Buitelaar},
  title     = {Approximate and selective reasoning on knowledge graphs: {A} distributional
               semantics approach},
  journal   = {Data Knowl. Eng.},
  volume    = {100},
  pages     = {211--225},
  year      = {2015}
}



@inproceedings{MahdisoltaniBS15,
  author    = {F. Mahdisoltani and
               J. Biega and
               F. M. Suchanek},
  title     = {{YAGO3:} {A} Knowledge Base from Multilingual Wikipedias},
  booktitle = {{CIDR} 2015, Seventh Biennial Conference on Innovative Data Systems
               Research, Asilomar, CA, USA, January 4-7, 2015, Online Proceedings},
  year      = {2015}
}

@article{LehmannIJJKMHMK15,
  author    = {J. Lehmann and
               R. Isele and
               M. Jakob and
               A. Jentzsch and
               D. Kontokostas and
               P. N. Mendes and
               S. Hellmann and
               M. Morsey and
               P. van Kleef and
               S. Auer and
               C. Bizer},
  title     = {DBpedia - {A} large-scale, multilingual knowledge base extracted from
               Wikipedia},
  journal   = {Semantic Web},
  volume    = {6},
  number    = {2},
  pages     = {167--195},
  year      = {2015}
}

@inproceedings{BollackerCT07,
  author    = {K. D. Bollacker and
               R. P. Cook and
               P. Tufts},
  title     = {Freebase: {A} Shared Database of Structured General Human Knowledge},
  booktitle = {Proceedings of the Twenty-Second {AAAI} Conference on Artificial Intelligence,
               July 22-26, 2007, Vancouver, British Columbia, Canada},
  pages     = {1962--1963},
  year      = {2007}
}

@article{MaFGCS2015,
 author = {Ma, Y. and Wu, H. and Wang, Z. and Huang, B. and Ranjan, R. and Zomaya, A. and Jie, W.},
 title = {Remote Sensing Big Data Computing},
 journal = {Future Gener. Comput. Syst.},
 issue_date = {October 2015},
 volume = {51},
 number = {C},
 month = oct,
 year = {2015},
 issn = {0167-739X},
 pages = {47--60},
 numpages = {14}
}

@article{MaWLR15,
  author    = {Y. Ma and
               L. Wang and
               P. Liu and
               R. Ranjan},
  title     = {Towards building a data-intensive index for big data computing - {A}
               case study of Remote Sensing data processing},
  journal   = {Inf. Sci.},
  volume    = {319},
  pages     = {171--188},
  year      = {2015}
}

@inproceedings{BordognaI14,
  author    = {G. Bordogna and
               D. Ienco},
  title     = {Fuzzy Core DBScan Clustering Algorithm},
  booktitle = {Information Processing and Management of Uncertainty in Knowledge-Based
               Systems - 15th International Conference, {IPMU} 2014, Montpellier,
               France, July 15-19, 2014, Proceedings, Part {III}},
  pages     = {100--109},
  year      = {2014}
}

@inproceedings{PeiLF15,
  author    = {Y. Pei and
               L.{-}P. Liu and
               X. Z. Fern},
  title     = {Bayesian Active Clustering with Pairwise Constraints},
  booktitle = {Machine Learning and Knowledge Discovery in Databases - European Conference,
               {ECML} {PKDD} 2015, Porto, Portugal, September 7-11, 2015, Proceedings,
               Part {I}},
  pages     = {235--250},
  year      = {2015}
}

@article{AbinB14,
  author    = {A. A. Abin and
               H. Beigy},
  title     = {Active selection of clustering constraints: a sequential approach},
  journal   = {Pattern Recognition},
  volume    = {47},
  number    = {3},
  pages     = {1443--1458},
  year      = {2014}
}

@article{XiongAF14,
  author    = {S. Xiong and
               J. Azimi and
               X. Z. Fern},
  title     = {Active Learning of Constraints for Semi-Supervised Clustering},
  journal   = {{IEEE} Trans. Knowl. Data Eng.},
  volume    = {26},
  number    = {1},
  pages     = {43--54},
  year      = {2014}
}

@article{FuZL13,
  author    = {Y. Fu and X. Zhu and B. Li},
  title     = {A survey on instance selection for active learning},
  journal   = {Knowl. Inf. Syst.},
  volume    = {35},
  number    = {2},
  year      = {2013},
  pages     = {249-283}
}
@inproceedings{SeelandKK12,
  author    = {M. Seeland and
               A. Karwath and
               S. Kramer},
  title     = {A structural cluster kernel for learning on graphs},
  booktitle = {The 18th {ACM} {SIGKDD} International Conference on Knowledge Discovery
               and Data Mining, {KDD} '12, Beijing, China, August 12-16, 2012},
  pages     = {516--524},
  year      = {2012}
}

@inproceedings{IencoBZP13,
  author    = {D. Ienco and
               A. Bifet and
               I. Zliobaite and
               B. Pfahringer},
  title     = {Clustering Based Active Learning for Evolving Data Streams},
  booktitle = {Discovery Science - 16th International Conference, {DS} 2013, Singapore,
               October 6-9, 2013. Proceedings},
  pages     = {79--93},
  year      = {2013}
}

@article{PensaIM14,
  author    = {R. G. Pensa and
               D. Ienco and
               R. Meo},
  title     = {Hierarchical co-clustering: off-line and incremental approaches},
  journal   = {Data Min. Knowl. Discov.},
  volume    = {28},
  number    = {1},
  pages     = {31--64},
  year      = {2014}
}

@article{IencoPM12,
  author    = {D. Ienco and
               R. G. Pensa and
               R. Meo},
  title     = {From Context to Distance: Learning Dissimilarity for Categorical Data
               Clustering},
  journal   = {{TKDD}},
  volume    = {6},
  number    = {1},
  pages     = {1},
  year      = {2012}
}

@inproceedings{RomeoTI14,
  author    = {S. Romeo and
               A. Tagarelli and
               D. Ienco},
  title     = {Semantic-Based Multilingual Document Clustering via Tensor Modeling},
  booktitle = {Proceedings of the 2014 Conference on Empirical Methods in Natural
               Language Processing, {EMNLP} 2014, October 25-29, 2014, Doha, Qatar,
               {A} meeting of SIGDAT, a Special Interest Group of the {ACL}},
  pages     = {600--609},
  year      = {2014}
}

@inproceedings{IencoZP14,
  author    = {D. Ienco and
               I. Zliobaite and
               B. Pfahringer},
  title     = {High density-focused uncertainty sampling for active learning over
               evolving stream data},
  booktitle = {Proceedings of the 3rd International Workshop on Big Data, Streams
               and Heterogeneous Source Mining: Algorithms, Systems, Programming
               Models and Applications, BigMine 2014, New York City, USA, August
               24, 2014},
  pages     = {133--148},
  year      = {2014}
}

@inproceedings{GuttlerACINPT14,
  author    = {F. Guttler and
               S. Alleaume and
               C. Corbane and
               D. Ienco and
               J. Nin and
               P. Poncelet and
               M. Teisseire},
  title     = {Exploring high repetitivity remote sensing time series for mapping
               and monitoring natural habitats - {A} new approach combining {OBIA}
               and k-partite graphs},
  booktitle = {2014 {IEEE} Geoscience and Remote Sensing Symposium, {IGARSS} 2014,
               Quebec City, QC, Canada, July 13-18, 2014},
  pages     = {3930--3933},
  year      = {2014}
}

@inproceedings{GuttlerITNP14,
  author    = {F. Guttler and
               D. Ienco and
               M. Teisseire and
               J. Nin and
               P. Poncelet},
  title     = {Towards the Use of Sequential Patterns for Detection and Characterization
               of Natural and Agricultural Areas},
  booktitle = {Information Processing and Management of Uncertainty in Knowledge-Based
               Systems - 15th International Conference, {IPMU} 2014, Montpellier,
               France, July 15-19, 2014, Proceedings, Part {I}},
  pages     = {97--106},
  year      = {2014}
}

@inproceedings{WuLYT13,
  author    = {C.{-}Wei Wu and
               Y.{-}Feng Lin and
               P. S. Yu and
               V. S. Tseng},
  title     = {Mining high utility episodes in complex event sequences},
  booktitle = {The 19th {ACM} {SIGKDD} International Conference on Knowledge Discovery
               and Data Mining, {KDD} 2013, Chicago, IL, USA, August 11-14, 2013},
  pages     = {536--544},
  year      = {2013}
}



@article{iencoNeuro16,
  author    = {D. Ienco and R.G. Pensa},
  title     = {Positive and unlabeled learning in categorical data},
  journal   = {Neurocomputing},
  volume    = {Accepted for Publication},
  pages     = {1-24},
  year      = {2016}
}

@article{iencoTNNLS16,
  author    = {D. Ienco and R.G. Pensa and R. Meo},
  title     = {A Semi-Supervised Approach to the Detection and Characterization of Outliers in Categorical Data},
  journal   = {Transaction on Neural Network and Learning Systems},
  volume    = {Accepted for Publication},
  pages     = {1-13},
  year      = {2016}
}


@article{BengioCV13,
  author    = {Y. Bengio and
               A. C. Courville and
               P. Vincent},
  title     = {Representation Learning: {A} Review and New Perspectives},
  journal   = {{IEEE} Trans. Pattern Anal. Mach. Intell.},
  volume    = {35},
  number    = {8},
  pages     = {1798--1828},
  year      = {2013}
}


@article{LeCun15,
  author    = {Y. LeCun and
               Y. Bengio and
               G. Hinton},
  title     = {Deep Learning},
  journal   = {Nature},
  volume    = {52},
  number    = {8},
  pages     = {436-444},
  year      = {2015}
}

@article{VincentLLBM10,
  author    = {P. Vincent and
               H. Larochelle and
               I. Lajoie and
               Y. Bengio and
               P.{-}A. Manzagol},
  title     = {Stacked Denoising Autoencoders: Learning Useful Representations in
               a Deep Network with a Local Denoising Criterion},
  journal   = {Journal of Machine Learning Research},
  volume    = {11},
  pages     = {3371--3408},
  year      = {2010}
}

@article{LuusSBM15,
  author    = {F. P. S. Luus and
               B. P. Salmon and
               F. van den Bergh and
               B. T. Maharaj},
  title     = {Multiview Deep Learning for Land-Use Classification},
  journal   = {{IEEE} Geosci. Remote Sensing Lett.},
  volume    = {12},
  number    = {12},
  pages     = {2448--2452},
  year      = {2015}
}

@article{MarmanisDES16,
  author    = {D. Marmanis and
               M. Datcu and
               T. Esch and
               U. Stilla},
  title     = {Deep Learning Earth Observation Classification Using ImageNet Pretrained
               Networks},
  journal   = {{IEEE} Geosci. Remote Sensing Lett.},
  volume    = {13},
  number    = {1},
  pages     = {105--109},
  year      = {2016}
}


@article{GreffSKSS15,
  author    = {K. Greff and
               R. Kumar Srivastava and
               J. Koutn{\'{\i}}k and
               B. R. Steunebrink and
               J{\"{u}}rgen Schmidhuber},
  title     = {{LSTM:} {A} Search Space Odyssey},
  journal   = {CoRR},
  volume    = {abs/1503.04069},
  year      = {2015}
}

@inproceedings{HaiIPT12ep,
  author    = {P. N. Hai and
               D. Ienco and
               P. Poncelet and
               M. Teisseire},
  title     = {Extracting Trajectories through an Efficient and Unifying Spatio-temporal
               Pattern Mining System},
  booktitle = {Machine Learning and Knowledge Discovery in Databases - European Conference,
               {ECML} {PKDD} 2012, Bristol, UK, September 24-28, 2012. Proceedings,
               Part {II}},
  pages     = {820--823},
  year      = {2012}
}

@inproceedings{HaiPT12ida,
  author    = {P. Nhat Hai and
               P. Poncelet and
               M. Teisseire},
  title     = {GeT{\_}Move: An Efficient and Unifying Spatio-temporal Pattern Mining
               Algorithm for Moving Objects},
  booktitle = {Advances in Intelligent Data Analysis {XI} - 11th International Symposium,
               {IDA} 2012, Helsinki, Finland, October 25-27, 2012. Proceedings},
  pages     = {276--288},
  year      = {2012}
}

@inproceedings{HaiIPT12adma,
  author    = {P. Nhat Hai and
               D. Ienco and
               P. Poncelet and
               M. Teisseire},
  title     = {Mining Fuzzy Moving Object Clusters},
  booktitle = {Advanced Data Mining and Applications, 8th International Conference,
               {ADMA} 2012, Nanjing, China, December 15-18, 2012. Proceedings},
  pages     = {100--114},
  year      = {2012}
}

@inproceedings{HaiIPT12,
  author    = {P. Nhat Hai and
               D. Ienco and
               P. Poncelet and
               M. Teisseire},
  title     = {Mining time relaxed gradual moving object clusters},
  booktitle = {{SIGSPATIAL} 2012 International Conference on Advances in Geographic
               Information Systems (formerly known as GIS), SIGSPATIAL'12, Redondo
               Beach, CA, USA, November 7-9, 2012},
  pages     = {478--481},
  year      = {2012}
}

@inproceedings{HaiIPT13,
  author    = {P. Nhat Hai and
               D. Ienco and
               P. Poncelet and
               M. Teisseire},
  title     = {Mining Representative Movement Patterns through Compression},
  booktitle = {Advances in Knowledge Discovery and Data Mining, 17th Pacific-Asia
               Conference, {PAKDD} 2013, Gold Coast, Australia, April 14-17, 2013,
               Proceedings, Part {I}},
  pages     = {314--326},
  year      = {2013}
}

@incollection{Han2010,
author = {J. Han and Z. Li and L. A. Tang},
year={2010},
isbn={978-3-642-12097-8},
booktitle={Database Systems for Advanced Applications},
volume={5982},
series={Lecture Notes in Computer Science},
title={Mining Moving Object, Trajectory and Traffic Data},
pages={485-486}
}

@article{Jeung2008,
 author = {H. Jeung and M. L. Yiu and X. Zhou and C. S. Jensen and H. T. Shen},
 title = {Discovery of convoys in trajectory databases},
 journal = {Proc. VLDB Endow.},
 volume = {1},
 number = {1},
 month = {Aug},
 year = {2008},
 pages = {1068--1080}
}

@article{Li2010,
 author = {Z. Li and B. Ding and J. Han and R. Kays},
 title = {Swarm: mining relaxed temporal moving object clusters},
 journal = {Proc. VLDB Endow.},
 volume = {3},
 number = {1-2},
 month = {sep},
 year = {2010},
 pages = {723--734}
}

@article{Wang2006,
 author = {Y. Wang and E. -P. Lim and S. -Y. Hwang},
 title = {Efficient mining of group patterns from user movement data},
 journal = {Data Knowl. Eng.},
 volume = {57},
 number = {3},
 year = {2006},
 issn = {0169-023X},
 pages = {240--282}
}

@inproceedings{TongK00,
  author    = {S. Tong and
               D. Koller},
  title     = {Support Vector Machine Active Learning with Application sto Text Classification},
  booktitle = {Proceedings of the Seventeenth International Conference on Machine
               Learning {(ICML} 2000), Stanford University, Stanford, CA, USA, June
               29 - July 2, 2000},
  pages     = {999--1006},
  year      = {2000}
}

@book{aggarwal2007book,
  editor    = {C. C. Aggarwal},
  title     = {Data Streams - Models and Algorithms},
  publisher = {Springer},
  series    = {Advances in Database Systems},
  year      = {2007},
  isbn      = {978-0-387-28759-1}
}

@INPROCEEDINGS{Gama04,
  author = {J. Gama and P. Medas and G. Castillo and P. Rodrigues},
  title = {Learning with drift detection},
  booktitle = {SBIA},
  year = {2004}
}

@inproceedings{BifetRPHZ13,
  author    = {A. Bifet and
               J. Read and
               B. Pfahringer and
               G. Holmes and
               I. Zliobaite},
  title     = {{CD-MOA:} Change Detection Framework for Massive Online Analysis},
  booktitle = {Advances in Intelligent Data Analysis {XII} - 12th International Symposium,
               {IDA} 2013, London, UK, October 17-19, 2013. Proceedings},
  pages     = {92--103},
  year      = {2013}
}

@inproceedings{CaoH13,
  author    = {F. Cao and
               J. Z. Huang},
  title     = {A Concept-Drifting Detection Algorithm for Categorical Evolving
               Data},
  booktitle = {PAKDD (2)},
  year      = {2013}
}

@inproceedings{IencoBPP14,
  author    = {D. Ienco and
               A. Bifet and
               B. Pfahringer and
               P. Poncelet},
  title     = {Change detection in categorical evolving data streams},
  booktitle = {Symposium on Applied Computing, {SAC} 2014, Gyeongju, Republic of
               Korea - March 24 - 28, 2014},
  pages     = {792--797},
  year      = {2014}
}

@inproceedings{BogornyS10,
  author    = {V. Bogorny and
               S. Shekhar},
  title     = {Spatial and Spatio-temporal Data Mining},
  booktitle = {{ICDM} 2010, The 10th {IEEE} International Conference on Data Mining,
               Sydney, Australia, 14-17 December 2010},
  pages     = {1217},
  year      = {2010}
}

@article{PitarchIVBLPST15,
  author    = {Y. Pitarch and
               D. Ienco and
               E. Vintrou and
               A. B{\'{e}}gu{\'{e}} and
               A. Laurent and
               P. Poncelet and
               M. Sala and
               M. Teisseire},
  title     = {Spatio-temporal data classification through multidimensional sequential
               patterns: Application to crop mapping in complex landscape},
  journal   = {Eng. Appl. of {AI}},
  volume    = {37},
  pages     = {91--102},
  year      = {2015}
}

@article{MeoBI12,
  author    = {R. Meo and
               D.r Bachar and
               D. Ienco},
  title     = {{LODE:} {A} distance-based classifier built on ensembles of positive
               and negative observations},
  journal   = {Pattern Recognition},
  volume    = {45},
  number    = {4},
  pages     = {1409--1425},
  year      = {2012}
}

@inproceedings{SousaRB13,
  author    = {C. A. R. de Sousa and
               S. O. Rezende and
               G. E. A. P. A. Batista},
  title     = {Influence of Graph Construction on Semi-supervised Learning},
  booktitle = {Machine Learning and Knowledge Discovery in Databases - European Conference,
               {ECML} {PKDD} 2013, Prague, Czech Republic, September 23-27, 2013,
               Proceedings, Part {III}},
  pages     = {160--175},
  year      = {2013}
}

@book{0097035,
  author    = {V. Vapnik},
  title     = {Statistical learning theory},
  publisher = {Wiley},
  year      = {1998},
  isbn      = {978-0-471-03003-4}
}

@article{DemirMB14,
  author    = {B. Demir and
               L. Minello and
               L. Bruzzone},
  title     = {Definition of Effective Training Sets for Supervised Classification
               of Remote Sensing Images by a Novel Cost-Sensitive Active Learning
               Method},
  journal   = {{IEEE} T. Geoscience and Remote Sensing},
  volume    = {52},
  number    = {2},
  pages     = {1272--1284},
  year      = {2014}
}

@article{HuangZ13,
  author    = {X. Huang and
               L. Zhang},
  title     = {An {SVM} Ensemble Approach Combining Spectral, Structural, and Semantic
               Features for the Classification of High-Resolution Remotely Sensed
               Imagery},
  journal   = {{IEEE} T. Geoscience and Remote Sensing},
  volume    = {51},
  number    = {1},
  pages     = {257--272},
  year      = {2013}
}

@article{DemirB16,
  author    = {B. Demir and
               L. Bruzzone},
  title     = {Hashing-Based Scalable Remote Sensing Image Search and Retrieval in
               Large Archives},
  journal   = {{IEEE} T. Geoscience and Remote Sensing},
  volume    = {54},
  number    = {2},
  pages     = {892--904},
  year      = {2016}
}

@inproceedings{GionisIM99,
  author    = {A. Gionis and
               P. Indyk and
               R. Motwani},
  title     = {Similarity Search in High Dimensions via Hashing},
  booktitle = {VLDB'99, Proceedings of 25th International Conference on Very Large
               Data Bases, September 7-10, 1999, Edinburgh, Scotland, {UK}},
  pages     = {518--529},
  year      = {1999}
}

@inproceedings{AkdereCRUZ12,
  author    = {M. Akdere and
               U. {\c{C}}etintemel and
               M. Riondato and
               E. Upfal and
               S. B. Zdonik},
  title     = {Learning-based Query Performance Modeling and Prediction},
  booktitle = {{IEEE} 28th International Conference on Data Engineering {(ICDE} 2012),
               Washington, DC, {USA} (Arlington, Virginia), 1-5 April, 2012},
  pages     = {390--401},
  year      = {2012}
}

@inproceedings{AkdereCRUZ11,
  author    = {M. Akdere and
               U. {\c{C}}etintemel and
               M. Riondato and
               E. Upfal and
               S. B. Zdonik},
  title     = {The Case for Predictive Database Systems: Opportunities and Challenges},
  booktitle = {{CIDR} 2011, Fifth Biennial Conference on Innovative Data Systems
               Research, Asilomar, CA, USA, January 9-12, 2011, Online Proceedings},
  pages     = {167--174},
  year      = {2011}
}

@inproceedings{ChandolaBK09,
  author    = {V. Chandola and
               S. Boriah and
               V. Kumar},
  title     = {A Framework for Exploring Categorical Data},
  booktitle = {Proceedings of the {SIAM} International Conference on Data Mining,
               {SDM} 2009, April 30 - May 2, 2009, Sparks, Nevada, {USA}},
  pages     = {187--198},
  year      = {2009}
}

@article{IencoRPM13,
  author    = {D. Ienco and
               C. Robardet and
               R. G. Pensa and
               R. Meo},
  title     = {Parameter-less co-clustering for star-structured heterogeneous data},
  journal   = {Data Min. Knowl. Discov.},
  volume    = {26},
  number    = {2},
  pages     = {217--254},
  year      = {2013}
}


@inproceedings{NavigliP10,
  author    = {R. Navigli and
               S. P. Ponzetto},
  title     = {BabelNet: Building a Very Large Multilingual Semantic Network},
  booktitle = {{ACL} 2010, Proceedings of the 48th Annual Meeting of the Association
               for Computational Linguistics, July 11-16, 2010, Uppsala, Sweden},
  pages     = {216--225},
  year      = {2010}
}

@article{LiGE11,
  author    = {W. Li and
               Q. Guo and
               C. Elkan},
  title     = {A Positive and Unlabeled Learning Algorithm for One-Class Classification
               of Remote-Sensing Data},
  journal   = {{IEEE} T. Geoscience and Remote Sensing},
  volume    = {49},
  number    = {2},
  pages     = {717--725},
  year      = {2011}
}

@inproceedings{IencoPM09,
  author    = {D. Ienco and
               R. G. Pensa and
               R. Meo},
  title     = {Parameter-Free Hierarchical Co-clustering by n-Ary Splits},
  booktitle = {Machine Learning and Knowledge Discovery in Databases, European Conference,
               {ECML} {PKDD} 2009, Bled, Slovenia, September 7-11, 2009, Proceedings,
               Part {I}},
  pages     = {580--595},
  year      = {2009}
}

@article{arcaini16,
author={P. Arcaini and G. Bordogna and D. Ienco and S. Sterlacchini},
title= {User-driven geo-temporal density-based exploration of periodic and not periodic events reported in social networks},
journal = {Information Sciences},
volume = {Accepted for Publication},
pages = { 122--143},
year ={2016}
}



@article{Hussaina13,
	author={M. Hussaina and
			D. Chena and
			A. Chenga and
			H. Weib and
			D. Stanleyb
			},
	title={Change detection from remotely sensed images: From pixel-based to object-based approaches},
	journal = {ISPRS Journal of Photogrammetry and Remote Sensing},
	volume = {80},
	pages = { 91–-106},
	year ={2013}
}


@article{GautamaBTP07,
  author    = {S. Gautama and
               R. Bellens and
               G. De Tr{\'{e}} and
               W. Philips},
  title     = {Relevance Criteria for Spatial Information Retrieval Using Error-Tolerant
               Graph Matching},
  journal   = {{IEEE} Trans. Geoscience and Remote Sensing},
  volume    = {45},
  number    = {4},
  pages     = {810--817},
  year      = {2007}
}

@article{XueSQDW15,
  author    = {C. Xue and
               W. Song and
               L. Qin and
               Q. Dong and
               X. Wen},
  title     = {A spatiotemporal mining framework for abnormal association patterns
               in marine environments with a time series of remote sensing images},
  journal   = {Int. J. Applied Earth Observation and Geoinformation},
  volume    = {38},
  pages     = {105--114},
  year      = {2015}
}

@article{Mueller-Warrant15,
  author    = {G. W. Mueller{-}Warrant and
               G. W. Whittaker and
               G. M. Banowetz and
               S. M. Griffith and
               B. L. Barnhart},
  title     = {Methods for improving accuracy and extending results beyond periods
               covered by traditional ground-truth in remote sensing classification
               of a complex landscape},
  journal   = {Int. J. Applied Earth Observation and Geoinformation},
  volume    = {38},
  pages     = {115--128},
  year      = {2015}
}

@article{TsangJ10,
  author    = {L. Tsang and
               T. J. Jackson},
  title     = {Satellite Remote Sensing Missions for Monitoring Water, Carbon, and
               Global Climate Change},
  journal   = {Proceedings of the {IEEE}},
  volume    = {98},
  number    = {5},
  pages     = {645--648},
  year      = {2010}
}


@article{ZhangYJ10,
  author    = {S. Zhang and
               J. Yang and
               W. Jin},
  title     = {{SAPPER:} Subgraph Indexing and Approximate Matching in Large Graphs},
  journal   = {{PVLDB}},
  volume    = {3},
  number    = {1},
  pages     = {1185--1194},
  year      = {2010}
}