@inproceedings{Bizer2003,
author = {Bizer, Christian},
booktitle = {Proceedings of the 12th International World Wide Web Conference (WWW 2003)},
title = {{D2R MAP -- A Database to RDF Mapping Language}},
year = {2003}
}
@article{Wilkinson2002a,
author = {Wilkinson, Mark D and Links, Matthew},
journal = {Briefings in Bioinformatics},
number = {4},
pages = {331--341},
title = {{BioMOBY: an open source biological web services proposal.}},
volume = {3},
year = {2002}
}
@article{Wilkinson2005a,
author = {Wilkinson, Mark and Schoof, Heiko and Ernst, Rebecca and Haase, Dirk},
journal = {Plant Physiology},
number = {1},
pages = {5--17},
title = {{BioMOBY successfully integrates distributed heterogeneous bioinformatics Web Services. The PlaNet exemplar case}},
volume = {138},
year = {2005}
}
@article{Tomasic1998,
author = {Tomasic, Anthony and Raschid, Louiqa and Valduriez, Patrick},
journal = {Knowledge and Data Engineering},
number = {5},
pages = {808--823},
title = {{Scaling Access to Heterogeneous Data Sources with DISCO}},
volume = {10},
year = {1998}
}
@article{manolescu2002,
author = {Manolescu, Ioana and Bouganim, Luc and Fabret, Fran{\c{c}}oise and Simon, Eric},
journal = {CoopIS/DOA/ODBASE},
pages = {468--485},
title = {{Efficient Querying of Distributed Resources in Mediator Systems}},
year = {2002}
}
@article{Bruskiewich2006,
author = {Bruskiewich, Richard and Davenport, Guy and Hazekamp, Tom and Metz, Thomas and Ruiz, Manuel and Simon, Reinhard and Takeya, Masaru and Lee, Jennifer and Senger, Martin and McLaren, Graham and {Van Hintum}, Theo},
journal = {Omics: A Journal of Integrative Biology},
number = {2},
pages = {215--219},
title = {{Generation Challenge Programme (GCP): standards for crop data}},
volume = {10},
year = {2006}
}
@article{antezana2009,
author = {Antezana, Erick and Kuiper, Martin and Mironov, Vladimir},
journal = {Briefings in Bioinformatics},
number = {4},
pages = {392 --407},
title = {{Biological knowledge management: the emerging role of the Semantic Web technologies}},
volume = {10},
year = {2009}
}
@article{Jonquet2010,
author = {Jonquet, Cl{\'{e}}ment and Coulet, Adrien and Shah, Nigam H and Musen, Mark a},
pages = {1--12},
journal = {IC2010},
title = {{Indexation et int{\'{e}}gration de ressources textuelles {\`{a}} l ' aide d ' ontologies : application au domaine biom{\'{e}}dical}},
year = {2010}
}
@inproceedings{Bizer2004,
author = {Bizer, Christian and Seaborne, Andy},
booktitle = {the 3rd International Semantic Web Conference (ISWC 2004)},
title = {{D2RQ - treating non-RDF databases as virtual RDF graphs}},
year = {2004}
}
@article{Giardine2005,
author = {Giardine, Belinda and Riemer, Cathy and Hardison, Ross C and Burhans, Richard and Elnitski, Laura and Shah, Prachi and Zhang, Yi and Blankenberg, Daniel and Albert, Istvan and Taylor, James and Miller, Webb and Kent, W James and Nekrutenko, Anton},
journal = {Genome Research},
number = {10},
pages = {1451--1455},
title = {{Galaxy: A platform for interactive large-scale genome analysis}},
volume = {15},
year = {2005}
}
@article{Goecks2010,
author = {Goecks, Jeremy and Nekrutenko, Anton and Taylor, James},
journal = {Genome Biology},
number = {8},
pages = {1--13},
title = {{Galaxy: a comprehensive approach for supporting accessible, reproducible, and transparent computational research in the life sciences}},
volume = {11},
year = {2010}
}
@article{Milne2010,
author = {Milne, Iain and Shaw, Paul and Stephen, Gordon and Bayer, Micha and Cardle, Linda and Thomas, William T B and Flavell, Andrew J and Marshall, David},
journal = {Bioinformatics (Oxford, England)},
number = {24},
pages = {3133--4},
title = {{Flapjack--graphical genotype visualization.}},
volume = {26},
year = {2010}
}
@article{Dereeper2015,
author = {Dereeper, Alexis and Homa, Felix and Andres, Gwendoline and Sempere, Guilhem and Sarah, Gautier and Hueber, Yann and Dufayard, Jean-Fran{\c{c}}ois and Ruiz, Manuel},
journal = {Nucleic acids research},
number = {W1},
pages = {W295--300},
title = {{SNiPlay3: a web-based application for exploration and large scale analyses of genomic variations.}},
volume = {43},
year = {2015}
}
@article{Monat2015,
author = {Monat, C{\'{e}}cile and Tranchant-Dubreuil, Christine and Kougbeadjo, Ayit{\'{e}} and Farcy, C{\'{e}}dric and Ortega-Abboud, Enrique and Amanzougarene, Souhila and Ravel, S{\'{e}}bastien and Agbessi, Mawuss{\'{e}} and Orjuela-Bouniol, Julie and Summo, Maryline and Sabot, Fran{\c{c}}ois},
journal = {BMC bioinformatics},
pages = {374},
title = {{TOGGLE: toolbox for generic NGS analyses.}},
volume = {16},
year = {2015}
}
@article{Noy2009,
author = {Noy, Natalya F and Shah, Nigam H and Whetzel, Patricia L and Dai, Benjamin and Dorf, Michael and Griffith, Nicholas and Jonquet, Clement and Rubin, Daniel L and Storey, Margaret-Anne and Chute, Christopher G and Musen, Mark A},
journal = {Nucleic Acids Research},
number = {Web Server issue},
pages = {W170--173},
title = {{BioPortal: ontologies and integrated data resources at the click of a mouse}},
volume = {37},
year = {2009}
}
@inproceedings{Melzi,
author = {Melzi, Soumia and Jonquet, Clement},
booktitle = {7th International Semantic Web Applications and Tools for Life Sciences, SWAT4LS'14},
pages = {Vol. 1320 pp. 15.},
publisher = {CEUR Workshop Proceedings.},
title = {{Scoring semantic annotations returned by the NCBO Annotator}},
year = {2014}
}
@inproceedings{castanier2014semantic,
author = {Castanier, Emmanuel and Jonquet, Clement and Melzi, Soumia and Larmande, Pierre and Ruiz, Manuel and Valduriez, Patrick},
booktitle = {Workshop on Crop Ontology and Phenotyping Data Interoperability},
pages = {1},
title = {{Semantic Annotation Workflow using Bio-Ontologies}},
year = {2014}
}
@article{RomeroJOGPM16,
author = {Romero, Marcos Mart$\backslash$'$\backslash$inez and Jonquet, Clement and O'Connor, Martin J and Graybeal, John and Pazos, Alejandro and Musen, Mark A},
journal = {CoRR},
title = {{NCBO Ontology Recommender 2.0: An Enhanced Approach for Biomedical Ontology Recommendation}},
volume = {abs/1611.0},
year = {2016}
}
@article{Ngomo2011,
author = {a.C.N. Ngomo and Auer, S{\"{o}}rer},
journal = {Proceedings of IJCAI},
pages = {2312--2317},
title = {{Limes-a time-efficient approach for large-scale link discovery on the web of data}},
year = {2011}
}
@article{Jentzsch,
author = {Jentzsch, Anja and Jentzsch, Anja and Isele, Robert and Bizer, Christian},
title = {{Silk â€“ Generating RDF Links while publishing or consuming Linked Data}},
journal = {Proceedings of ISWC},
year = {2010}
}
@inproceedings{toulet:lirmm-01397388,
address = {Bordeaux, France},
author = {Toulet, Anne and Emonet, Vincent and Jonquet, Clement},
booktitle = {JFO: Journ{\{}{\'{e}}{\}}es Francophones sur les Ontologies},
title = {{Modele de metadonnees dans un portail d'ontologies}},
year = {2016}
}
@article{Callahan2013,
author = {Callahan, Alison and Cruz-Toledo, Jos{\'{e}} and Dumontier, Michel},
journal = {Journal of biomedical semantics},
number = {Suppl 1},
pages = {S1},
publisher = {BioMed Central Ltd},
title = {{Ontology-Based Querying with Bio2RDF's Linked Open Data.}},
volume = {4 Suppl 1},
year = {2013}
}
@inproceedings{Coletta2012,
author = {Coletta, Remi and Castanier, Emmanuel and Valduriez, Patrick and Frisch, Christian and Ngo, DuyHoa and Bellahsene, Zohra},
booktitle = {Proceedings of the First International Workshop on Open Data},
pages = {5--12},
publisher = {ACM},
series = {WOD '12},
title = {{Public Data Integration with WebSmatch}},
year = {2012}
}
@article{Jonquet2016,
author = {Jonquet, Clement and Toulet, Anne and Arnaud, Elizabeth and Aubin, Sophie and Dzal{\'{e}}-Yeumo, Esther and Emonet, Vincent and Graybeal, John and Musen, Mark A. and Pommier, Cyril and Larmande, Pierre},
journal = {7th International Conference on Biomedical Ontologies},
title = {{Reusing the NCBO BioPortal technology for agronomy to build AgroPortal}},
volume = {1747},
year = {2016}
}
@article{Redaschi2009,
author = {Redaschi, N and {the UniProt Consortium}},
journal = {Nature Prec},
title = {{Uniprot in RDF: Tackling data integration and distributed annotation with the semantic web}},
year = {2009}
}
@article{Bruskiewich2008,
author = {Wanchana, Samart and Thongjuea, Supat and Ulat, Victor Jun and Anacleto, Mylah and Mauleon, Ramil and Conte, Matthieu and Rouard, Mathieu and Ruiz, Manuel and Krishnamurthy, Nandini and Sjolander, Kimmen and van Hintum, Theo and Bruskiewich, Richard M},
journal = {Nucleic Acids Research},
number = {Database issue},
pages = {D943--946},
title = {{The Generation Challenge Programme comparative plant stress-responsive gene catalogue}},
volume = {36},
year = {2008}
}
@article{Whetzel2006,
author = {Whetzel, Patricia L and Parkinson, Helen and Causton, Helen C and Fan, Liju and Fostel, Jennifer and Fragoso, Gilberto and Game, Laurence and Heiskanen, Mervi and Morrison, Norman and Rocca-Serra, Philippe and Sansone, Susanna-Assunta and Taylor, Chris and White, Joseph and Stoeckert, Christian J},
number = {7},
pages = {866--873},
title = {{The MGED ontology: A Resource for semantics-based description of microarray experiments}},
volume = {22},
year = {2006}
}
@article{Tirmizi2011,
author = {Tirmizi, Syed Hamid and Aitken, Stuart and Moreira, Dilvan A and Mungall, Chris and Sequeda, Juan and Shah, Nigam H and Miranker, Daniel P},
journal = {J. Biomedical Semantics},
title = {{Mapping between the OBO and OWL ontology languages.}},
volume = {2},
year = {2011}
}
@incollection{Golbreich2007,
author = {Golbreich, Christine and Horridge, Matthew and Horrocks, Ian and Motik, Boris and Shearer, Rob},
booktitle = {ISWC 2007},
pages = {169--182},
title = {{OBO and OWL: Leveraging Semantic Web Technologies for the Life Sciences}},
year = {2007}
}
@incollection{Otlet1934,
author = {Otlet, Paul},
pages = {40,205,377--381,428},
publisher = {Mundaneum},
title = {{Trait{\'{e}} de documentation}},
year = {1934}
}
@book{Levie2006,
author = {Levie, Fran{\c{c}}oise},
publisher = {Les Impressions Nouvelles},
title = {{L'homme qui voulait classer le monde}},
year = {2006}
}
@book{GandonFZuckerCorby2012,
author = {Gandon, Fabien and Faron-Zucker, Catherine and Corby, Olivier},
pages = {1--81,88--125,163--166},
publisher = {Dunod},
title = {{Le Web s{\'{e}}mantique : comment lier les donn{\'{e}}es et les sch{\'{e}}mas sur le web ?}},
year = {2012}
}
@incollection{Nelson1991,
author = {Nelson, Theodor H},
chapter = {As We Will Think},
pages = {245--260},
title = {{From Memex to Hypertext}},
year = {1991}
}
@incollection{Vandenbussche2011,
author = {Vandenbussche, Pierre-Yves},
pages = {14--19,58--61},
title = {{Th{\`{e}}se : D{\'{e}}finition d'un cadre formel de repr{\'{e}}sentation des Syst{\`{e}}mes d'Organisation de la Connaissance}},
year = {2011}
}
@article{Faria2013,
author = {Faria, Daniel and Pesquita, Catia and Santos, Emanuel and Palmonari, Matteo and Cruz, Isabel F. and Couto, Francisco M.},
journal = {Lecture Notes in Computer Science},
pages = {527--541},
title = {{The AgreementMakerLight ontology matching system}},
volume = {8185 LNCS},
year = {2013}
}
@article{Jonquet2018,
author = {Jonquet, Cl{\'{e}}ment and Toulet, Anne and Arnaud, Elizabeth and Aubin, Sophie and {Dzal{\'{e}} Yeumo}, Esther and Emonet, Vincent and Graybeal, John and Laporte, Marie Ang{\'{e}}lique and Musen, Mark A. and Pesce, Valeria and Larmande, Pierre},
journal = {Computers and Electronics in Agriculture},
number = {October 2016},
pages = {126--143},
title = {{AgroPortal: A vocabulary and ontology repository for agronomy}},
volume = {144},
year = {2018}
}
@article{Le2012,
author = {Le, Duc Hau and Kwon, Yung Keun},
journal = {Computational Biology and Chemistry},
pages = {17--23},
publisher = {Elsevier Ltd},
title = {{GPEC: A Cytoscape plug-in for random walk-based gene prioritization and biomedical evidence collection}},
volume = {37},
year = {2012}
}
@article{Le2013,
author = {Le, Duc Hau and Kwon, Yung Keun},
journal = {Computational Biology and Chemistry},
pages = {1--8},
publisher = {Elsevier Ltd},
title = {{Neighbor-favoring weight reinforcement to improve random walk-based disease gene prioritization}},
volume = {44},
year = {2013}
}
@article{Tranchevent2016a,
author = {Tranchevent, L{\'{e}}on Charles and Ardeshirdavani, Amin and ElShal, Sarah and Alcaide, Daniel and Aerts, Jan and Auboeuf, Didier and Moreau, Yves},
journal = {Nucleic acids research},
number = {W1},
pages = {W117--W121},
title = {{Candidate gene prioritization with Endeavour}},
volume = {44},
year = {2016}
}
@inproceedings{do:hal-01711331,
address = {Hanoi, Vietnam},
author = {Do, Huy and Tran, Hanh and {Khoat Than}, Quang and Larmande, Pierre},
booktitle = {CiCling},
title = {{Comparative study of Named-Entity Recognition methods in the agronomical domain}},
year = {2018}
}
@article{Moreau2012,
author = {Moreau, Yves and Tranchevent, L{\'{e}}on Charles},
journal = {Nature Reviews Genetics},
number = {8},
pages = {523--536},
title = {{Computational tools for prioritizing candidate genes: Boosting disease gene discovery}},
volume = {13},
year = {2012}
}
@inproceedings{Luyen:2016,
author = {Luyen, L E Ngoc and Tireau, Anne and Venkatesan, Aravind and Neveu, Pascal and Larmande, Pierre},
booktitle = {Proceedings of the 6th International Conference on Web Intelligence, Mining and Semantics},
pages = {1--9},
volume = {27},
publisher = {ACM},
series = {WIMS '16},
title = {{Development of a Knowledge System for Big Data: Case Study to Plant Phenotyping Data}},
year = {2016}
}
@article{ElShal2016,
author = {ElShal, Sarah and Tranchevent, L{\'{e}}on Charles and Sifrim, Alejandro and Ardeshirdavani, Amin and Davis, Jesse and Moreau, Yves},
journal = {Nucleic Acids Research},
number = {2},
pages = {e18},
title = {{Beegle: From literature mining to disease-gene discovery}},
volume = {44},
year = {2016}
}
@article{Basaldella2017,
author = {Basaldella, Marco and Furrer, Lenz and Tasso, Carlo and Rinaldi, Fabio},
journal = {Journal of Biomedical Semantics},
number = {1},
pages = {1--14},
publisher = {Journal of Biomedical Semantics},
title = {{Entity recognition in the biomedical domain using a hybrid approach}},
volume = {8},
year = {2017}
}
@article{Manel2016,
author = {Manel, Achichi and Zohra, Belahsene and Konstantin, Todorov},
journal = {Ing{\'{e}}nierie des syst{\`{e}}mes d'information},
number = {5-6},
pages = {11--29},
title = {{A survey on web data linking}},
volume = {21},
year = {2016}
}
@inproceedings{Zevio2016,
author = {Zevio, S. and {El Hassouni}, N. and Ruiz, M. and Larmande, P.},
booktitle = {CEUR Workshop Proceedings},
title = {{AgroLD indexing tools with ontological annotations}},
volume = {1795},
year = {2016}
}
@article{TAGNY2016,
author = {TAGNY, Gildas and VENKATESAN, Aravind and {EL HASSOUNI}, Nordine and RUIZ, Manuel and LARMANDE, Pierre},
journal = {Ing{\'{e}}nierie des Syst{\`{e}}mes d'Information},
number = {5-6},
pages = {133--157},
title = {{AgroLD API. Une architecture orient{\'{e}}e services pour l'extraction de connaissances dans la base de donn{\'{e}}es li{\'{e}}es AgroLD}},
volume = {21},
year = {2016}
}
@article{Larmande2007,
author = {Larmande, Pierre},
publisher = {Universite Montpellier 2},
title = {{Mutualiser et partager, un d{\'{e}}fi pour la g{\'{e}}nomique fonctionnelle v{\'{e}}g{\'{e}}tale}},
year = {2007}
}
@article{DzaleYeumo2017,
author = {{Dzale Yeumo}, Esther and Alaux, Michael and Arnaud, Elizabeth and Aubin, Sophie and Baumann, Ute and Buche, Patrice and Cooper, Laurel and {\'{C}}wiek-Kupczy{\'{n}}ska, Hanna and Davey, Robert P. and Fulss, Richard Allan and Jonquet, Clement and Laporte, Marie-Ang{\'{e}}lique and Larmande, Pierre and Pommier, Cyril and Protonotarios, Vassilis and Reverte, Carmen and Shrestha, Rosemary and Subirats, Imma and Venkatesan, Aravind and Whan, Alex and Quesneville, Hadi},
journal = {F1000Research},
pages = {1843},
title = {{Developing data interoperability using standards: A wheat community use case}},
volume = {6},
year = {2017}
}
@incollection{Achichi2016,
author = {Achichi, Manel and {Ben Ellefi}, Mohamed and Symeonidou, Danai and Todorov, Konstantin},
booktitle = {20th International Conference on Knowledge Engineering and Knowledge Management - Volume 10024},
pages = {3--18},
publisher = {Springer-Verlag New York, Inc.},
title = {{Automatic Key Selection for Data Linking}},
year = {2016}
}
@article{Patnala2013,
author = {Patnala, Radhika and et al},
journal = {BMC Genetics},
number = {1},
pages = {39},
title = {{Candidate gene association studies: a comprehensive guide to useful in silico tools}},
volume = {14},
year = {2013}
}
@article{Pareja-tobes2015,
author = {Pareja-tobes, Pablo and Tobes, Raquel and Manrique, Marina and Pareja, Eduardo and Pareja-tobes, Eduardo},
pages = {1--11},
title = {{Bio4j : a high-performance cloud-enabled graph-based data platform}},
journal = {BioXriv},
year = {2015}
}
@article{Have2013,
author = {Have, Christian Theil and Jensen, Lars Juhl},
number = {24},
pages = {3107--3108},
title = {{Databases and ontologies Are graph databases ready for bioinformatics ?}},
journal = {Bioinformatics},
volume = {29},
year = {2013}
}
@article{Otero-Cerdeira2015,
author = {Otero-Cerdeira, Lorena and Rodr{\'{i}}guez-Mart{\'{i}}nez, Francisco J. and G{\'{o}}mez-Rodr{\'{i}}guez, Alma},
journal = {Expert Systems with Applications},
number = {2},
pages = {949--971},
publisher = {Elsevier Ltd},
title = {{Ontology matching: A literature review}},
volume = {42},
year = {2015}
}
@article{Habibi2017a,
author = {Habibi, Maryam and Weber, Leon and Neves, Mariana and Wiegandt, David Luis and Leser, Ulf},
journal = {Bioinformatics},
number = {14},
pages = {i37--i48},
title = {{Deep learning with word embeddings improves biomedical named entity recognition}},
volume = {33},
year = {2017}
}
@article{Hassani-Pak2017a,
author = {Hassani-Pak, Keywan and Rawlings, Christopher},
journal = {Journal of Integrative Bioinformatics},
number = {1},
pages = {1--9},
title = {{Knowledge Discovery in Biological Databases for Revealing Candidate Genes Linked to Complex Phenotypes}},
volume = {14},
year = {2017}
}
@article{Leonelli2017,
author = {Leonelli, Sabina and Davey, Robert P and Arnaud, Elizabeth and Parry, Geraint and Bastow, Ruth},
journal = {Nature Publishing Group},
number = {June},
pages = {1--4},
publisher = {Macmillan Publishers Limited},
title = {{Data management and best practice for plant science}},
volume = {3},
year = {2017}
}
@article{Cohen-Boulakia2017,
author = {Cohen-Boulakia, Sarah and Belhajjame, Khalid and Collin, Olivier and Chopard, J{\'{e}}r{\^{o}}me and Froidevaux, Christine and Gaignard, Alban and Hinsen, Konrad and Larmande, Pierre and Bras, Yvan Le and Lemoine, Fr{\'{e}}d{\'{e}}ric and Mareuil, Fabien and M{\'{e}}nager, Herv{\'{e}} and Pradal, Christophe and Blanchet, Christophe},
journal = {Future Generation Computer Systems},
pages = {284--298},
title = {{Scientific workflows for computational reproducibility in the life sciences: Status, challenges and opportunities}},
volume = {75},
year = {2017}
}
@article{Hassani-Pak2016,
author = {Hassani-Pak, Keywan and Castellote, Martin and Esch, Maria and Hindle, Matthew and Lysenko, Artem and Taubert, Jan and Rawlings, Christopher},
journal = {Applied {\&} Translational Genomics},
pages = {18--26},
publisher = {The Authors},
title = {{Developing integrated crop knowledge networks to advance candidate gene discovery}},
volume = {11},
year = {2016}
}
@inproceedings{Schmachtenberg2014,
author = {Schmachtenberg, Max and Bizer, Christian and Paulheim, Heiko},
booktitle = {Lecture Notes in Computer Science (including subseries Lecture Notes in Artificial Intelligence and Lecture Notes in Bioinformatics)},
title = {{Adoption of the linked data best practices in different topical domains}},
volume = {8796},
year = {2014}
}
@article{Lysenko2016,
author = {Lysenko, Artem and RoznovÄƒÅ£, Irina A. and Saqi, Mansoor and Mazein, Alexander and Rawlings, Christopher J and Auffray, Charles and Auffray, C and Charron, D and Hood, L and Hood, L and Tian, Q and Callahan, A and Cruz-Toledo, J and Ansell, P and Dumontier, M and K{\"{o}}hler, J and Baumbach, J and Taubert, J and Lysenko, A and Lysenko, A and Hindle, MM and Eronen, L and Toivonen, H and Tatusova, T and Ciufo, S and Fedorov, B and Sayers, EW and Barrett, T and Benson, DA and Bairoch, A and Kerrien, S and Aranda, B and Breuza, L and Croft, D and Mundo, AF and Haw, R and Bauer-Mehren, A and Bundschus, M and Rautschka, M and Knox, C and Law, V and Jewison, T and Uhl{\'{e}}n, M and Fagerberg, L and Hallstr{\"{o}}m, BM and Kaneko, Y and Yatagai, Y and Yamada, H and Voraphani, N and Gladwin, MT and Contreras, AU and Modena, BD and Tedrow, JR and Milosevic, J and Durrington, HJ and Farrow, SN and Loudon, AS and Ray, DW and Ko, CH and Takahashi, JS and Lesk, V and Taubert, J and Rawlings, C and Sternberg, MJE and Tamaddoni-Nezhad, A and Lesk, VI and C{\^{o}}t{\'{e}}, RA and Rogers, FB and Ashburner, M and Ball, CA and Blake, JA and Brinkman, R and Courtot, M and Derom, D and Smith, B and Ashburner, M and Rosse, C and Lassila, O and Swick, RR and Wide, W and Consortium, W},
journal = {BioData Mining},
number = {1},
pages = {23},
title = {{Representing and querying disease networks using graph databases}},
volume = {9},
year = {2016}
}
@article{Wilkinson2016a,
author = {Wilkinson, Mark D. and Dumontier, Michel and Aalbersberg, IJsbrand Jan and Appleton, Gabrielle and Axton, Myles and Baak, Arie and Blomberg, Niklas and Boiten, Jan-Willem and {da Silva Santos}, Luiz Bonino and Bourne, Philip E. and Bouwman, Jildau and Brookes, Anthony J. and Clark, Tim and Crosas, Merc{\`{e}} and Dillo, Ingrid and Dumon, Olivier and Edmunds, Scott and Evelo, Chris T. and Finkers, Richard and Gonzalez-Beltran, Alejandra and Gray, Alasdair J.G. and Groth, Paul and Goble, Carole and Grethe, Jeffrey S. and Heringa, Jaap and a.C {'t Hoen}, Peter and Hooft, Rob and Kuhn, Tobias and Kok, Ruben and Kok, Joost and Lusher, Scott J. and Martone, Maryann E. and Mons, Albert and Packer, Abel L. and Persson, Bengt and Rocca-Serra, Philippe and Roos, Marco and van Schaik, Rene and Sansone, Susanna-Assunta and Schultes, Erik and Sengstag, Thierry and Slater, Ted and Strawn, George and Swertz, Morris a. and Thompson, Mark and van der Lei, Johan and van Mulligen, Erik and Velterop, Jan and Waagmeester, Andra and Wittenburg, Peter and Wolstencroft, Katherine and Zhao, Jun and Mons, Barend},
journal = {Scientific Data},
pages = {160018},
title = {{The FAIR Guiding Principles for scientific data management and stewardship}},
volume = {3},
year = {2016}
}
@article{Sempere2016,
author = {Semp{\'{e}}r{\'{e}}, Guilhem and Philippe, Florian and Dereeper, Alexis and Ruiz, Manuel and Sarah, Gautier and Larmande, Pierre},
journal = {GigaScience},
pages = {25},
title = {{Gigwa-Genotype investigator for genome-wide analyses.}},
volume = {5},
year = {2016}
}
@article{berners2001semweb,
author = {Berners-Lee, Tim and Hendler, James and Lassila, Ora and Others},
journal = {Scientific american},
number = {5},
pages = {29--37},
publisher = {New York, NY, USA:},
title = {{The semantic web}},
volume = {284},
year = {2001}
}
@article{Larmande2008b,
author = {Larmande, Pierre and Gay, C{\'{e}}line and Lorieux, Mathias and P{\'{e}}rin, Christophe and Bouniol, Matthieu and Droc, Ga{\"{e}}tan and Sallaud, Christophe and Perez, Pascual and Barnola, Isabelle and Biderre-petit, Corinne and Martin, J{\'{e}}r{\^{o}}me and Morel, Jean Beno{\^{i}}t and Johnson, Alexander A T and Bourgis, Fabienne and Ghesqui{\`{e}}re, Alain and Ruiz, Manuel and Courtois, Brigitte and Guiderdoni, Emmanuel},
journal = {Nucleic Acids Research},
number = {SUPPL. 1},
pages = {1022--1027},
title = {{Oryza Tag Line, a phenotypic mutant database for the G{\'{e}}noplante rice insertion line library}},
volume = {36},
year = {2008}
}
@inproceedings{ngoc:lirmm-01274707,
author = {{LE Ngoc}, Luyen and Jouannic, St{\'{e}}phane and Gantet, Pascal and Larmande, Pierre},
booktitle = {JOBIM: Journ{\{}{\'{e}}{\}}es Ouvertes Biologie Informatique Math{\{}{\'{e}}{\}}matiques},
keywords = {Agronomic data,Bioinformatic application,Database Applications,Distributed Application},
title = {{Development of a generic indexing tool to optimize the use of biological data}},
year = {2015}
}
@misc{williams2012,
author = {Williams, Antony J. and Harland, Lee and Groth, Paul and Pettifer, Stephen and Chichester, Christine and Willighagen, Egon L. and Evelo, Chris T. and Blomberg, Niklas and Ecker, Gerhard and Goble, Carole and Mons, Barend},
booktitle = {Drug Discovery Today},
number = {21-22},
pages = {1188--1198},
title = {{Open PHACTS: Semantic interoperability for drug discovery}},
volume = {17},
year = {2012}
}
@inproceedings{venkatesan2015towards,
author = {Venkatesan, Aravind and {El Hassouni}, Nordine and Phillipe, Florian and Pommier, Cyril and Quesneville, Hadi and Ruiz, Manuel and Larmande, Pierre},
booktitle = {APIA'15: premiere Conference Applications Pratiques de l'Intelligence Artificielle},
title = {{Towards efficient data integration and knowledge management in the Agronomic domain}},
year = {2015}
}
@article{wollbrett2013clever,
author = {Wollbrett, Julien and Larmande, Pierre and de Lamotte, Fr{\'{e}}d{\'{e}}ric and Ruiz, Manuel},
journal = {BMC bioinformatics},
number = {1},
pages = {126--141},
publisher = {BioMed Central},
title = {{Clever generation of rich SPARQL queries from annotated relational schema: application to Semantic Web Service creation for biological databases}},
volume = {14},
year = {2013}
}
@article{AL-Tam2013,
author = {AL-Tam, Faroq and Adam, Helene and Anjos, Ant{\'{o}}nio and Lorieux, Mathias and Larmande, Pierre and Ghesqui{\`{e}}re, Alain and Jouannic, Stefan and Shahbazkia, Hamid},
journal = {BMC Plant Biology},
number = {1},
pages = {122},
title = {{P-TRAP: a Panicle Trait Phenotyping tool}},
volume = {13},
year = {2013}
}
@article{BizerHeath2009,
author = {Bizer, Christian and Heath, T and Berners-Lee, T},
journal = {International Journal on Semantic Web and Information Systems},
number = {3},
pages = {1--22},
publisher = {Elsevier},
title = {{Linked Data - The Story So Far}},
volume = {5},
year = {2009}
}
@article{Michel2015,
author = {Michel, Franck and Djimenou, Lo{\"{i}}c and Montagnat, Johan and Faron-zucker, Catherine},
title = {{xR2RML : Non-Relational Databases to RDF Mapping Language}},
journal = {HAL},
year = {2015}
}
@article{Antipolis2014,
author = {Michel, Franck and Montagnat, Johan and Faron-zucker, Catherine},
number = {May},
title = {{A survey of RDB to RDF translation approaches and tools}},
journal = {HAL},
year = {2014}
}
@article{Gajendran2012,
author = {Gajendran, Santhosh Kumar},
journal = {University of Illinois},
title = {{A Survey on NoSQL Databases}},
year = {2012}
}
@article{Jupp2014,
author = {Jupp, Simon and Malone, James and Bolleman, Jerven and Brandizi, Marco and Davies, Mark and Garcia, Leyla and Gaulton, Anna and Gehant, Sebastien and Laibe, Camille and Redaschi, Nicole and Wimalaratne, Sarala M and Martin, Maria and {Le Nov{\`{e}}re}, Nicolas and Parkinson, Helen and Birney, Ewan and Jenkinson, Andrew M},
journal = {Bioinformatics (Oxford, England)},
pages = {1--2},
title = {{The EBI RDF platform: linked open data for the life sciences.}},
year = {2014}
}
@article{Belleau2008a,
author = {Belleau, Fran{\c{c}}ois and Nolin, Marc-Alexandre and Tourigny, Nicole and Rigault, Philippe and Morissette, Jean},
journal = {Journal of biomedical informatics},
number = {5},
pages = {706--16},
title = {{Bio2RDF: towards a mashup to build bioinformatics knowledge systems.}},
volume = {41},
year = {2008}
}
@article{Sallaud2003,
author = {Sallaud, C and Meynard, D and van Boxtel, J and Gay, C and B{\`{e}}s, M and Brizard, J P and Larmande, P and Ortega, D and Raynal, M and Portefaix, M and Ouwerkerk, P B F and Rueb, S and Delseny, M and Guiderdoni, E},
journal = {TAG. Theoretical and Applied Genetics. Theoretische Und Angewandte Genetik},
number = {8},
pages = {1396--408},
title = {{Highly efficient production and characterization of T-DNA plants for rice ( Oryza sativa L.) functional genomics}},
volume = {106},
year = {2003}
}
@article{Droc2009,
author = {Droc, Ga{\"{e}}tan and P{\'{e}}rin, Christophe and Fromentin, S{\'{e}}bastien and Larmande, Pierre},
journal = {Nucleic Acids Research},
number = {Database issue},
pages = {D992--5},
title = {{OryGenesDB 2008 update: database interoperability for functional genomics of rice}},
volume = {37},
year = {2009}
}
@article{Pugh2004,
author = {Pugh, T. and Fouet, O. and Risterucci, A. M. and Brottier, P. and Abouladze, M. and Deletrez, C. and Courtois, B. and Clement, D. and Larmande, P. and N'Goran, J. A K and Lanaud, C.},
journal = {Theor Appl Genet},
number = {6},
pages = {1151--61},
title = {{A new cacao linkage map based on codominant markers: development and integration of 201 new microsatellite markers}},
volume = {108},
year = {2004}
}
@article{Krallinger2013,
author = {Krallinger, Martin and Leitner, Florian and Rabal, Obdulia},
journal = {Proceedings of the Fourth BioCreative Challenge Evaluation Workshop},
pages = {2--33},
title = {{Overview of the chemical compound and drug name recognition (CHEMDNER) task}},
volume = {2},
year = {2013}
}
@article{Ciravegna1999,
author = {Ciravegna, F. and Ciravegna, F. and Lavelli, a. and Lavelli, a.},
journal = {Natural Language Engineering},
pages = {145--165},
title = {{LearningPinocchio: adaptive information extraction for real world applications}},
volume = {10},
year = {1999}
}
@article{Lafferty2001,
author = {Lafferty, John and McCallum, Andrew and Pereira, Fernando C N},
journal = {ICML '01 Proceedings of the Eighteenth International Conference on Machine Learning},
number = {June},
pages = {282--289},
title = {{Conditional random fields: Probabilistic models for segmenting and labeling sequence data}},
volume = {8},
year = {2001}
}
@article{Segura-Bedmar2015,
author = {Segura-Bedmar, Isabel and Su{\'{a}}rez-Paniagua, V{\'{i}}ctor and Mart{\'{i}}nez, Paloma},
journal = {Proceedings of the fifth BioCreative challenge evaluation workshop},
pages = {90--93},
title = {{Combining Conditional Random Fields and Word Embeddings for the CHEMDNER-patents task}},
year = {2015}
}
@article{LEAMAN2007,
author = {LEAMAN, ROBERT and GONZALEZ, GRACIELA},
journal = {Biocomputing 2008},
pages = {652--663},
title = {{Banner: an Executable Survey of Advances in Biomedical Named Entity Recognition}},
volume = {663},
year = {2007}
}
@article{Califf1999,
author = {Califf, Mary Elaine and Mooney, Raymond J},
journal = {Computational Linguistics},
pages = {9--15},
title = {{Relational learning of pattern-match rules for information extraction}},
volume = {4},
year = {1999}
}
@article{Hettne2009,
author = {Hettne, Kristina M. and Stierum, Rob H. and Schuemie, Martijn J. and Hendriksen, Peter J. M. and Schijvenaars, Bob J. A. and van Mulligen, Erik M. and Kleinjans, Jos and Kors, Jan A.},
journal = {Bioinformatics},
number = {22},
pages = {2983--2991},
publisher = {Oxford University Press},
title = {{A dictionary to identify small molecules and drugs in free text}},
volume = {25},
year = {2009}
}
@article{Gerner2010,
author = {Gerner, Martin and Nenadic, Goran and Bergman, Casey M},
journal = {BMC Bioinformatics},
number = {1},
pages = {85},
publisher = {BioMed Central},
title = {{LINNAEUS: A species name identification system for biomedical literature}},
volume = {11},
year = {2010}
}
@article{Lample2016,
author = {Lample, Guillaume and Ballesteros, Miguel and Subramanian, Sandeep and Kawakami, Kazuya and Dyer, Chris},
title = {{Neural Architectures for Named Entity Recognition}},
year = {2016}
}
@article{Rocktaschel2012,
author = {Rockt{\"{a}}schel, Tim and Weidlich, Michael and Leser, Ulf},
journal = {Bioinformatics},
number = {12},
pages = {1633--1640},
publisher = {Oxford University Press},
title = {{ChemSpot: a hybrid system for chemical named entity recognition}},
volume = {28},
year = {2012}
}
@article{Settles2005,
author = {Settles, B.},
journal = {Bioinformatics},
number = {14},
pages = {3191--3192},
publisher = {Oxford University Press},
title = {{ABNER: an open source tool for automatically tagging genes, proteins and other entity names in text}},
volume = {21},
year = {2005}
}
@article{Uzuner2011,
author = {Uzuner, {\"{O}}zlem and South, Brett R and Shen, Shuying and DuVall, Scott L},
journal = {Journal of the American Medical Informatics Association : JAMIA},
number = {5},
pages = {552--6},
publisher = {American Medical Informatics Association},
title = {{2010 i2b2/VA challenge on concepts, assertions, and relations in clinical text.}},
volume = {18},
year = {2011}
}
@article{Rabiner1989,
author = {Rabiner, L.R.},
journal = {Proceedings of the IEEE},
number = {2},
pages = {257--286},
title = {{A tutorial on hidden Markov models and selected applications in speech recognition}},
volume = {77},
year = {1989}
}
@article{Settles2004,
author = {Settles, Burr},
journal = {International Joint Workshop on Natural Language Processing in Biomedicine and its Applications},
pages = {104--107},
title = {{Biomedical named entity recognition using conditional random fields and rich feature sets}},
year = {2004}
}
@article{Franzen2002,
author = {Franz{\'{e}}n, Kristofer and Eriksson, Gunnar and Olsson, Fredrik and Asker, Lars and Lid{\'{e}}n, Per and C{\"{o}}ster, Joakim},
journal = {International journal of medical informatics},
number = {1-3},
pages = {49--61},
title = {{Protein names and how to find them.}},
volume = {67},
year = {2002}
}
@article{Jovanovic2017a,
author = {Jovanovi{\'{c}}, Jelena and Bagheri, Ebrahim},
journal = {Journal of Biomedical Semantics},
number = {1},
pages = {44},
publisher = {BioMed Central},
title = {{Semantic annotation in biomedicine: the current landscape}},
volume = {8},
year = {2017}
}
@article{Schmachtenberg-al2014,
  author = {Schmachtenberg, Max and Bizer, Christian and Paulheim, Heiko},
  title = {{Adoption of the Linked Data Best Practices in Different Topical Domains}},
  journal = {Semantic Web Conference},
  pages = {245--260},
  volume = {1},
  year = "2014"
}
@article{Ong2016,
author = {Ong, Edison and Xiang, Zuoshuang and Zhao, Bin and Liu, Yue and Lin, Yu and Zheng, Jie and Mungall, Chris and Courtot, M{\'{e}}lanie and Ruttenberg, Alan and He, Yongqun},
journal = {Nucleic Acids Research},
pages = {gkw918},
title = {{Ontobee: A linked ontology data server to support ontology term dereferencing, linkage, query and integration}},
year = {2016}
}
@article{Antoniou2009a,
author = {Antoniou, Grigoris and Harmelen, F},
journal = {Handbook on ontologies},
title = {{Web ontology language: Owl}},
year = {2009}
}
@article{Cote2006,
author = {C{\^{o}}t{\'{e}}, Richard G and Jones, Philip and Apweiler, Rolf and Hermjakob, Henning},
journal = {BMC bioinformatics},
pages = {97},
title = {{The Ontology Lookup Service, a lightweight cross-platform tool for controlled vocabulary queries.}},
volume = {7},
year = {2006}
}
@article{Smith2007,
author = {Smith, Barry and Ashburner, Michael and Rosse, Cornelius and Bard, Jonathan and Bug, William and Ceusters, Werner and Goldberg, Louis J and Eilbeck, Karen and Ireland, Amelia and Mungall, Christopher J and Leontis, Neocles and Rocca-Serra, Philippe and Ruttenberg, Alan and Sansone, Susanna-Assunta and Scheuermann, Richard H and Shah, Nigam and Whetzel, Patricia L and Lewis, Suzanna},
journal = {Nat Biotech},
number = {11},
pages = {1251--1255},
title = {{The OBO Foundry: coordinated evolution of ontologies to support biomedical data integration}},
volume = {25},
year = {2007}
}
