@inproceedings{Bizer2003,
author = {Bizer, Christian},
booktitle = {Proceedings of the 12th International World Wide Web Conference (WWW 2003)},
title = {{D2R MAP -- A Database to RDF Mapping Language}},
year = {2003}
}
@article{Wilkinson2002a,
author = {Wilkinson, Mark D and Links, Matthew},
journal = {Briefings in Bioinformatics},
number = {4},
pages = {331--341},
title = {{BioMOBY: an open source biological web services proposal.}},
volume = {3},
year = {2002}
}
@article{Wilkinson2005a,
author = {Wilkinson, Mark and Schoof, Heiko and Ernst, Rebecca and Haase, Dirk},
journal = {Plant Physiology},
number = {1},
pages = {5--17},
title = {{BioMOBY successfully integrates distributed heterogeneous bioinformatics Web Services. The PlaNet exemplar case}},
volume = {138},
year = {2005}
}
@article{Tomasic1998,	
author = {Tomasic, Anthony and Raschid, Louiqa and Valduriez, Patrick},
journal = {Knowledge and Data Engineering},
number = {5},
pages = {808--823},
title = {{Scaling Access to Heterogeneous Data Sources with DISCO}},
volume = {10},
year = {1998}
}
@article{manolescu2002,
author = {Manolescu, Ioana and Bouganim, Luc and Fabret, Fran{\c{c}}oise and Simon, Eric},
journal = {CoopIS/DOA/ODBASE},
pages = {468--485},
title = {{Efficient Querying of Distributed Resources in Mediator Systems}},
year = {2002}
}
@article{Bruskiewich2006,
author = {Bruskiewich, Richard and Davenport, Guy and Hazekamp, Tom and Metz, Thomas and Ruiz, Manuel and Simon, Reinhard and Takeya, Masaru and Lee, Jennifer and Senger, Martin and McLaren, Graham and {Van Hintum}, Theo},
journal = {Omics: A Journal of Integrative Biology},
number = {2},
pages = {215--219},
title = {{Generation Challenge Programme (GCP): standards for crop data}},
volume = {10},
year = {2006}
}
@article{antezana2009,
author = {Antezana, Erick and Kuiper, Martin and Mironov, Vladimir},
journal = {Briefings in Bioinformatics},
number = {4},
pages = {392 --407},
title = {{Biological knowledge management: the emerging role of the Semantic Web technologies}},
volume = {10},
year = {2009}
}
@article{Jonquet2010,
author = {Jonquet, Cl{\'{e}}ment and Coulet, Adrien and Shah, Nigam H and Musen, Mark a},
pages = {1--12},
journal = {IC2010},
title = {{Indexation et int{\'{e}}gration de ressources textuelles {\`{a}} l ' aide d ' ontologies : application au domaine biom{\'{e}}dical}},
year = {2010}
}
@inproceedings{Bizer2004,
author = {Bizer, Christian and Seaborne, Andy},
booktitle = {the 3rd International Semantic Web Conference (ISWC 2004)},
title = {{D2RQ - treating non-RDF databases as virtual RDF graphs}},
year = {2004}
}
@article{Giardine2005,
author = {Giardine, Belinda and Riemer, Cathy and Hardison, Ross C and Burhans, Richard and Elnitski, Laura and Shah, Prachi and Zhang, Yi and Blankenberg, Daniel and Albert, Istvan and Taylor, James and Miller, Webb and Kent, W James and Nekrutenko, Anton},
journal = {Genome Research},
number = {10},
pages = {1451--1455},
title = {{Galaxy: A platform for interactive large-scale genome analysis}},
volume = {15},
year = {2005}
}
@article{Goecks2010,
author = {Goecks, Jeremy and Nekrutenko, Anton and Taylor, James},
journal = {Genome Biology},
number = {8},
pages = {1--13},
title = {{Galaxy: a comprehensive approach for supporting accessible, reproducible, and transparent computational research in the life sciences}},
volume = {11},
year = {2010}
}
@article{Milne2010,
author = {Milne, Iain and Shaw, Paul and Stephen, Gordon and Bayer, Micha and Cardle, Linda and Thomas, William T B and Flavell, Andrew J and Marshall, David},
journal = {Bioinformatics (Oxford, England)},
number = {24},
pages = {3133--4},
title = {{Flapjack--graphical genotype visualization.}},
volume = {26},
year = {2010}
}
@article{Dereeper2015,
author = {Dereeper, Alexis and Homa, Felix and Andres, Gwendoline and Sempere, Guilhem and Sarah, Gautier and Hueber, Yann and Dufayard, Jean-Fran{\c{c}}ois and Ruiz, Manuel},
journal = {Nucleic acids research},
number = {W1},
pages = {W295--300},
title = {{SNiPlay3: a web-based application for exploration and large scale analyses of genomic variations.}},
volume = {43},
year = {2015}
}
@article{Monat2015,
author = {Monat, C{\'{e}}cile and Tranchant-Dubreuil, Christine and Kougbeadjo, Ayit{\'{e}} and Farcy, C{\'{e}}dric and Ortega-Abboud, Enrique and Amanzougarene, Souhila and Ravel, S{\'{e}}bastien and Agbessi, Mawuss{\'{e}} and Orjuela-Bouniol, Julie and Summo, Maryline and Sabot, Fran{\c{c}}ois},
journal = {BMC bioinformatics},
pages = {374},
title = {{TOGGLE: toolbox for generic NGS analyses.}},
volume = {16},
year = {2015}
}
@article{Noy2009,
author = {Noy, Natalya F and Shah, Nigam H and Whetzel, Patricia L and Dai, Benjamin and Dorf, Michael and Griffith, Nicholas and Jonquet, Clement and Rubin, Daniel L and Storey, Margaret-Anne and Chute, Christopher G and Musen, Mark A},
journal = {Nucleic Acids Research},
number = {Web Server issue},
pages = {W170--173},
title = {{BioPortal: ontologies and integrated data resources at the click of a mouse}},
volume = {37},
year = {2009}
}
@inproceedings{Melzi,
author = {Melzi, Soumia and Jonquet, Clement},
booktitle = {7th International Semantic Web Applications and Tools for Life Sciences, SWAT4LS'14},
pages = {Vol. 1320 pp. 15.},
publisher = {CEUR Workshop Proceedings.},
title = {{Scoring semantic annotations returned by the NCBO Annotator}},
year = {2014}
}
@inproceedings{castanier2014semantic,
author = {Castanier, Emmanuel and Jonquet, Clement and Melzi, Soumia and Larmande, Pierre and Ruiz, Manuel and Valduriez, Patrick},
booktitle = {Workshop on Crop Ontology and Phenotyping Data Interoperability},
pages = {1},
title = {{Semantic Annotation Workflow using Bio-Ontologies}},
year = {2014}
}
@article{RomeroJOGPM16,
author = {Romero, Marcos Mart$\backslash$'$\backslash$inez and Jonquet, Clement and O'Connor, Martin J and Graybeal, John and Pazos, Alejandro and Musen, Mark A},
journal = {CoRR},
title = {{NCBO Ontology Recommender 2.0: An Enhanced Approach for Biomedical Ontology Recommendation}},
volume = {abs/1611.0},
year = {2016}
}
@article{Ngomo2011,
author = {a.C.N. Ngomo and Auer, S{\"{o}}rer},
journal = {Proceedings of IJCAI},
pages = {2312--2317},
title = {{Limes-a time-efficient approach for large-scale link discovery on the web of data}},
year = {2011}
}
@article{Jentzsch,
author = {Jentzsch, Anja and Jentzsch, Anja and Isele, Robert and Bizer, Christian},
title = {{Silk â€“ Generating RDF Links while publishing or consuming Linked Data}},
journal = {Proceedings of ISWC},
year = {2010}
}
@inproceedings{toulet:lirmm-01397388,
address = {Bordeaux, France},
author = {Toulet, Anne and Emonet, Vincent and Jonquet, Clement},
booktitle = {JFO: Journ{\{}{\'{e}}{\}}es Francophones sur les Ontologies},
title = {{Modele de metadonnees dans un portail d'ontologies}},
year = {2016}
}
@article{Callahan2013,
author = {Callahan, Alison and Cruz-Toledo, Jos{\'{e}} and Dumontier, Michel},
journal = {Journal of biomedical semantics},
number = {Suppl 1},
pages = {S1},
publisher = {BioMed Central Ltd},
title = {{Ontology-Based Querying with Bio2RDF's Linked Open Data.}},
volume = {4 Suppl 1},
year = {2013}
}
@inproceedings{Coletta2012,
author = {Coletta, Remi and Castanier, Emmanuel and Valduriez, Patrick and Frisch, Christian and Ngo, DuyHoa and Bellahsene, Zohra},
booktitle = {Proceedings of the First International Workshop on Open Data},
pages = {5--12},
publisher = {ACM},
series = {WOD '12},
title = {{Public Data Integration with WebSmatch}},
year = {2012}
}
@article{Jonquet2016,
author = {Jonquet, Clement and Toulet, Anne and Arnaud, Elizabeth and Aubin, Sophie and Dzal{\'{e}}-Yeumo, Esther and Emonet, Vincent and Graybeal, John and Musen, Mark A. and Pommier, Cyril and Larmande, Pierre},
journal = {7th International Conference on Biomedical Ontologies},
title = {{Reusing the NCBO BioPortal technology for agronomy to build AgroPortal}},
volume = {1747},
year = {2016}
}
@article{Redaschi2009,
author = {Redaschi, N and {the UniProt Consortium}},
journal = {Nature Prec},
title = {{Uniprot in RDF: Tackling data integration and distributed annotation with the semantic web}},
year = {2009}
}
@article{Bruskiewich2008,
author = {Wanchana, Samart and Thongjuea, Supat and Ulat, Victor Jun and Anacleto, Mylah and Mauleon, Ramil and Conte, Matthieu and Rouard, Mathieu and Ruiz, Manuel and Krishnamurthy, Nandini and Sjolander, Kimmen and van Hintum, Theo and Bruskiewich, Richard M},
journal = {Nucleic Acids Research},
number = {Database issue},
pages = {D943--946},
title = {{The Generation Challenge Programme comparative plant stress-responsive gene catalogue}},
volume = {36},
year = {2008}
}
@article{Whetzel2006,
author = {Whetzel, Patricia L and Parkinson, Helen and Causton, Helen C and Fan, Liju and Fostel, Jennifer and Fragoso, Gilberto and Game, Laurence and Heiskanen, Mervi and Morrison, Norman and Rocca-Serra, Philippe and Sansone, Susanna-Assunta and Taylor, Chris and White, Joseph and Stoeckert, Christian J},
number = {7},
pages = {866--873},
title = {{The MGED ontology: A Resource for semantics-based description of microarray experiments}},
volume = {22},
year = {2006}
}
@article{Tirmizi2011,
author = {Tirmizi, Syed Hamid and Aitken, Stuart and Moreira, Dilvan A and Mungall, Chris and Sequeda, Juan and Shah, Nigam H and Miranker, Daniel P},
journal = {J. Biomedical Semantics},
title = {{Mapping between the OBO and OWL ontology languages.}},
volume = {2},
year = {2011}
}
@incollection{Golbreich2007,
author = {Golbreich, Christine and Horridge, Matthew and Horrocks, Ian and Motik, Boris and Shearer, Rob},
booktitle = {ISWC 2007},
pages = {169--182},
title = {{OBO and OWL: Leveraging Semantic Web Technologies for the Life Sciences}},
year = {2007}
}
@incollection{Otlet1934,
author = {Otlet, Paul},
pages = {40,205,377--381,428},
publisher = {Mundaneum},
title = {{Trait{\'{e}} de documentation}},
year = {1934}
}
@book{Levie2006,
author = {Levie, Fran{\c{c}}oise},
publisher = {Les Impressions Nouvelles},
title = {{L'homme qui voulait classer le monde}},
year = {2006}
}
@book{GandonFZuckerCorby2012,
author = {Gandon, Fabien and Faron-Zucker, Catherine and Corby, Olivier},
pages = {1--81,88--125,163--166},
publisher = {Dunod},
title = {{Le Web s{\'{e}}mantique : comment lier les donn{\'{e}}es et les sch{\'{e}}mas sur le web ?}},
year = {2012}
}
@incollection{Nelson1991,
author = {Nelson, Theodor H},
chapter = {As We Will Think},
pages = {245--260},
title = {{From Memex to Hypertext}},
year = {1991}
}
@incollection{Vandenbussche2011,
author = {Vandenbussche, Pierre-Yves},
pages = {14--19,58--61},
title = {{Th{\`{e}}se : D{\'{e}}finition d'un cadre formel de repr{\'{e}}sentation des Syst{\`{e}}mes d'Organisation de la Connaissance}},
year = {2011}
}
@article{Faria2013,
author = {Faria, Daniel and Pesquita, Catia and Santos, Emanuel and Palmonari, Matteo and Cruz, Isabel F. and Couto, Francisco M.},
journal = {Lecture Notes in Computer Science},
pages = {527--541},
title = {{The AgreementMakerLight ontology matching system}},
volume = {8185 LNCS},
year = {2013}
}
@article{Jonquet2018,
author = {Jonquet, Cl{\'{e}}ment and Toulet, Anne and Arnaud, Elizabeth and Aubin, Sophie and {Dzal{\'{e}} Yeumo}, Esther and Emonet, Vincent and Graybeal, John and Laporte, Marie Ang{\'{e}}lique and Musen, Mark A. and Pesce, Valeria and Larmande, Pierre},
journal = {Computers and Electronics in Agriculture},
number = {October 2016},
pages = {126--143},
title = {{AgroPortal: A vocabulary and ontology repository for agronomy}},
volume = {144},
year = {2018}
}
@article{Le2012,
author = {Le, Duc Hau and Kwon, Yung Keun},
journal = {Computational Biology and Chemistry},
pages = {17--23},
publisher = {Elsevier Ltd},
title = {{GPEC: A Cytoscape plug-in for random walk-based gene prioritization and biomedical evidence collection}},
volume = {37},
year = {2012}
}
@article{Le2013,
author = {Le, Duc Hau and Kwon, Yung Keun},
journal = {Computational Biology and Chemistry},
pages = {1--8},
publisher = {Elsevier Ltd},
title = {{Neighbor-favoring weight reinforcement to improve random walk-based disease gene prioritization}},
volume = {44},
year = {2013}
}
@article{Tranchevent2016a,
author = {Tranchevent, L{\'{e}}on Charles and Ardeshirdavani, Amin and ElShal, Sarah and Alcaide, Daniel and Aerts, Jan and Auboeuf, Didier and Moreau, Yves},
journal = {Nucleic acids research},
number = {W1},
pages = {W117--W121},
title = {{Candidate gene prioritization with Endeavour}},
volume = {44},
year = {2016}
}
@inproceedings{do:hal-01711331,
address = {Hanoi, Vietnam},
author = {Do, Huy and Tran, Hanh and {Khoat Than}, Quang and Larmande, Pierre},
booktitle = {CiCling},
title = {{Comparative study of Named-Entity Recognition methods in the agronomical domain}},
year = {2018}
}
@article{Moreau2012,
author = {Moreau, Yves and Tranchevent, L{\'{e}}on Charles},
journal = {Nature Reviews Genetics},
number = {8},
pages = {523--536},
title = {{Computational tools for prioritizing candidate genes: Boosting disease gene discovery}},
volume = {13},
year = {2012}
}
@inproceedings{Luyen:2016,
author = {Luyen, L E Ngoc and Tireau, Anne and Venkatesan, Aravind and Neveu, Pascal and Larmande, Pierre},
booktitle = {Proceedings of the 6th International Conference on Web Intelligence, Mining and Semantics},
pages = {1--9},
volume = {27},
publisher = {ACM},
series = {WIMS '16},
title = {{Development of a Knowledge System for Big Data: Case Study to Plant Phenotyping Data}},
year = {2016}
}
@article{ElShal2016,
author = {ElShal, Sarah and Tranchevent, L{\'{e}}on Charles and Sifrim, Alejandro and Ardeshirdavani, Amin and Davis, Jesse and Moreau, Yves},
journal = {Nucleic Acids Research},
number = {2},
pages = {e18},
title = {{Beegle: From literature mining to disease-gene discovery}},
volume = {44},
year = {2016}
}
@article{Basaldella2017,
author = {Basaldella, Marco and Furrer, Lenz and Tasso, Carlo and Rinaldi, Fabio},
journal = {Journal of Biomedical Semantics},
number = {1},
pages = {1--14},
publisher = {Journal of Biomedical Semantics},
title = {{Entity recognition in the biomedical domain using a hybrid approach}},
volume = {8},
year = {2017}
}
@article{Manel2016,
author = {Manel, Achichi and Zohra, Belahsene and Konstantin, Todorov},
journal = {Ing{\'{e}}nierie des syst{\`{e}}mes d'information},
number = {5-6},
pages = {11--29},
title = {{A survey on web data linking}},
volume = {21},
year = {2016}
}
@inproceedings{Zevio2016,
author = {Zevio, S. and {El Hassouni}, N. and Ruiz, M. and Larmande, P.},
booktitle = {CEUR Workshop Proceedings},
title = {{AgroLD indexing tools with ontological annotations}},
volume = {1795},
year = {2016}
}
@article{TAGNY2016,
author = {TAGNY, Gildas and VENKATESAN, Aravind and {EL HASSOUNI}, Nordine and RUIZ, Manuel and LARMANDE, Pierre},
journal = {Ing{\'{e}}nierie des Syst{\`{e}}mes d'Information},
number = {5-6},
pages = {133--157},
title = {{AgroLD API. Une architecture orient{\'{e}}e services pour l'extraction de connaissances dans la base de donn{\'{e}}es li{\'{e}}es AgroLD}},
volume = {21},
year = {2016}
}
@article{Larmande2007,
author = {Larmande, Pierre},
publisher = {Universite Montpellier 2},
title = {{Mutualiser et partager, un d{\'{e}}fi pour la g{\'{e}}nomique fonctionnelle v{\'{e}}g{\'{e}}tale}},
year = {2007}
}
@article{DzaleYeumo2017,
author = {{Dzale Yeumo}, Esther and Alaux, Michael and Arnaud, Elizabeth and Aubin, Sophie and Baumann, Ute and Buche, Patrice and Cooper, Laurel and {\'{C}}wiek-Kupczy{\'{n}}ska, Hanna and Davey, Robert P. and Fulss, Richard Allan and Jonquet, Clement and Laporte, Marie-Ang{\'{e}}lique and Larmande, Pierre and Pommier, Cyril and Protonotarios, Vassilis and Reverte, Carmen and Shrestha, Rosemary and Subirats, Imma and Venkatesan, Aravind and Whan, Alex and Quesneville, Hadi},
journal = {F1000Research},
pages = {1843},
title = {{Developing data interoperability using standards: A wheat community use case}},
volume = {6},
year = {2017}
}
@incollection{Achichi2016,
author = {Achichi, Manel and {Ben Ellefi}, Mohamed and Symeonidou, Danai and Todorov, Konstantin},
booktitle = {20th International Conference on Knowledge Engineering and Knowledge Management - Volume 10024},
pages = {3--18},
publisher = {Springer-Verlag New York, Inc.},
title = {{Automatic Key Selection for Data Linking}},
year = {2016}
}
@article{Patnala2013,
author = {Patnala, Radhika and et al},
journal = {BMC Genetics},
number = {1},
pages = {39},
title = {{Candidate gene association studies: a comprehensive guide to useful in silico tools}},
volume = {14},
year = {2013}
}
@article{Pareja-tobes2015,
author = {Pareja-tobes, Pablo and Tobes, Raquel and Manrique, Marina and Pareja, Eduardo and Pareja-tobes, Eduardo},
pages = {1--11},
title = {{Bio4j : a high-performance cloud-enabled graph-based data platform}},
journal = {BioXriv},
year = {2015}
}
@article{Have2013,
author = {Have, Christian Theil and Jensen, Lars Juhl},
number = {24},
pages = {3107--3108},
title = {{Databases and ontologies Are graph databases ready for bioinformatics ?}},
journal = {Bioinformatics},
volume = {29},
year = {2013}
}
@article{Otero-Cerdeira2015,
author = {Otero-Cerdeira, Lorena and Rodr{\'{i}}guez-Mart{\'{i}}nez, Francisco J. and G{\'{o}}mez-Rodr{\'{i}}guez, Alma},
journal = {Expert Systems with Applications},
number = {2},
pages = {949--971},
publisher = {Elsevier Ltd},
title = {{Ontology matching: A literature review}},
volume = {42},
year = {2015}
}
@article{Habibi2017a,
author = {Habibi, Maryam and Weber, Leon and Neves, Mariana and Wiegandt, David Luis and Leser, Ulf},
journal = {Bioinformatics},
number = {14},
pages = {i37--i48},
title = {{Deep learning with word embeddings improves biomedical named entity recognition}},
volume = {33},
year = {2017}
}
@article{Hassani-Pak2017a,
author = {Hassani-Pak, Keywan and Rawlings, Christopher},
journal = {Journal of Integrative Bioinformatics},
number = {1},
pages = {1--9},
title = {{Knowledge Discovery in Biological Databases for Revealing Candidate Genes Linked to Complex Phenotypes}},
volume = {14},
year = {2017}
}
@article{Leonelli2017,
author = {Leonelli, Sabina and Davey, Robert P and Arnaud, Elizabeth and Parry, Geraint and Bastow, Ruth},
journal = {Nature Publishing Group},
number = {June},
pages = {1--4},
publisher = {Macmillan Publishers Limited},
title = {{Data management and best practice for plant science}},
volume = {3},
year = {2017}
}
@article{Cohen-Boulakia2017,
author = {Cohen-Boulakia, Sarah and Belhajjame, Khalid and Collin, Olivier and Chopard, J{\'{e}}r{\^{o}}me and Froidevaux, Christine and Gaignard, Alban and Hinsen, Konrad and Larmande, Pierre and Bras, Yvan Le and Lemoine, Fr{\'{e}}d{\'{e}}ric and Mareuil, Fabien and M{\'{e}}nager, Herv{\'{e}} and Pradal, Christophe and Blanchet, Christophe},
journal = {Future Generation Computer Systems},
pages = {284--298},
title = {{Scientific workflows for computational reproducibility in the life sciences: Status, challenges and opportunities}},
volume = {75},
year = {2017}
}
@article{Hassani-Pak2016,
author = {Hassani-Pak, Keywan and Castellote, Martin and Esch, Maria and Hindle, Matthew and Lysenko, Artem and Taubert, Jan and Rawlings, Christopher},
journal = {Applied {\&} Translational Genomics},
pages = {18--26},
publisher = {The Authors},
title = {{Developing integrated crop knowledge networks to advance candidate gene discovery}},
volume = {11},
year = {2016}
}
@inproceedings{Schmachtenberg2014,
author = {Schmachtenberg, Max and Bizer, Christian and Paulheim, Heiko},
booktitle = {Lecture Notes in Computer Science (including subseries Lecture Notes in Artificial Intelligence and Lecture Notes in Bioinformatics)},
title = {{Adoption of the linked data best practices in different topical domains}},
volume = {8796},
year = {2014}
}
@article{Lysenko2016,
author = {Lysenko, Artem and RoznovÄƒÅ£, Irina A. and Saqi, Mansoor and Mazein, Alexander and Rawlings, Christopher J and Auffray, Charles and Auffray, C and Charron, D and Hood, L and Hood, L and Tian, Q and Callahan, A and Cruz-Toledo, J and Ansell, P and Dumontier, M and K{\"{o}}hler, J and Baumbach, J and Taubert, J and Lysenko, A and Lysenko, A and Hindle, MM and Eronen, L and Toivonen, H and Tatusova, T and Ciufo, S and Fedorov, B and Sayers, EW and Barrett, T and Benson, DA and Bairoch, A and Kerrien, S and Aranda, B and Breuza, L and Croft, D and Mundo, AF and Haw, R and Bauer-Mehren, A and Bundschus, M and Rautschka, M and Knox, C and Law, V and Jewison, T and Uhl{\'{e}}n, M and Fagerberg, L and Hallstr{\"{o}}m, BM and Kaneko, Y and Yatagai, Y and Yamada, H and Voraphani, N and Gladwin, MT and Contreras, AU and Modena, BD and Tedrow, JR and Milosevic, J and Durrington, HJ and Farrow, SN and Loudon, AS and Ray, DW and Ko, CH and Takahashi, JS and Lesk, V and Taubert, J and Rawlings, C and Sternberg, MJE and Tamaddoni-Nezhad, A and Lesk, VI and C{\^{o}}t{\'{e}}, RA and Rogers, FB and Ashburner, M and Ball, CA and Blake, JA and Brinkman, R and Courtot, M and Derom, D and Smith, B and Ashburner, M and Rosse, C and Lassila, O and Swick, RR and Wide, W and Consortium, W},
journal = {BioData Mining},
number = {1},
pages = {23},
title = {{Representing and querying disease networks using graph databases}},
volume = {9},
year = {2016}
}
@article{Wilkinson2016a,
author = {Wilkinson, Mark D. and Dumontier, Michel and Aalbersberg, IJsbrand Jan and Appleton, Gabrielle and Axton, Myles and Baak, Arie and Blomberg, Niklas and Boiten, Jan-Willem and {da Silva Santos}, Luiz Bonino and Bourne, Philip E. and Bouwman, Jildau and Brookes, Anthony J. and Clark, Tim and Crosas, Merc{\`{e}} and Dillo, Ingrid and Dumon, Olivier and Edmunds, Scott and Evelo, Chris T. and Finkers, Richard and Gonzalez-Beltran, Alejandra and Gray, Alasdair J.G. and Groth, Paul and Goble, Carole and Grethe, Jeffrey S. and Heringa, Jaap and a.C {'t Hoen}, Peter and Hooft, Rob and Kuhn, Tobias and Kok, Ruben and Kok, Joost and Lusher, Scott J. and Martone, Maryann E. and Mons, Albert and Packer, Abel L. and Persson, Bengt and Rocca-Serra, Philippe and Roos, Marco and van Schaik, Rene and Sansone, Susanna-Assunta and Schultes, Erik and Sengstag, Thierry and Slater, Ted and Strawn, George and Swertz, Morris a. and Thompson, Mark and van der Lei, Johan and van Mulligen, Erik and Velterop, Jan and Waagmeester, Andra and Wittenburg, Peter and Wolstencroft, Katherine and Zhao, Jun and Mons, Barend},
journal = {Scientific Data},
pages = {160018},
title = {{The FAIR Guiding Principles for scientific data management and stewardship}},
volume = {3},
year = {2016}
}
@article{Sempere2016,
author = {Semp{\'{e}}r{\'{e}}, Guilhem and Philippe, Florian and Dereeper, Alexis and Ruiz, Manuel and Sarah, Gautier and Larmande, Pierre},
journal = {GigaScience},
pages = {25},
title = {{Gigwa-Genotype investigator for genome-wide analyses.}},
volume = {5},
year = {2016}
}
@article{berners2001semweb,
author = {Berners-Lee, Tim and Hendler, James and Lassila, Ora and Others},
journal = {Scientific american},
number = {5},
pages = {29--37},
publisher = {New York, NY, USA:},
title = {{The semantic web}},
volume = {284},
year = {2001}
}
@article{Larmande2008b,
author = {Larmande, Pierre and Gay, C{\'{e}}line and Lorieux, Mathias and P{\'{e}}rin, Christophe and Bouniol, Matthieu and Droc, Ga{\"{e}}tan and Sallaud, Christophe and Perez, Pascual and Barnola, Isabelle and Biderre-petit, Corinne and Martin, J{\'{e}}r{\^{o}}me and Morel, Jean Beno{\^{i}}t and Johnson, Alexander A T and Bourgis, Fabienne and Ghesqui{\`{e}}re, Alain and Ruiz, Manuel and Courtois, Brigitte and Guiderdoni, Emmanuel},
journal = {Nucleic Acids Research},
number = {SUPPL. 1},
pages = {1022--1027},
title = {{Oryza Tag Line, a phenotypic mutant database for the G{\'{e}}noplante rice insertion line library}},
volume = {36},
year = {2008}
}
@inproceedings{ngoc:lirmm-01274707,
author = {{LE Ngoc}, Luyen and Jouannic, St{\'{e}}phane and Gantet, Pascal and Larmande, Pierre},
booktitle = {JOBIM: Journ{\{}{\'{e}}{\}}es Ouvertes Biologie Informatique Math{\{}{\'{e}}{\}}matiques},
keywords = {Agronomic data,Bioinformatic application,Database Applications,Distributed Application},
title = {{Development of a generic indexing tool to optimize the use of biological data}},
year = {2015}
}
@misc{williams2012,
author = {Williams, Antony J. and Harland, Lee and Groth, Paul and Pettifer, Stephen and Chichester, Christine and Willighagen, Egon L. and Evelo, Chris T. and Blomberg, Niklas and Ecker, Gerhard and Goble, Carole and Mons, Barend},
booktitle = {Drug Discovery Today},
number = {21-22},
pages = {1188--1198},
title = {{Open PHACTS: Semantic interoperability for drug discovery}},
volume = {17},
year = {2012}
}
@inproceedings{venkatesan2015towards,
author = {Venkatesan, Aravind and {El Hassouni}, Nordine and Phillipe, Florian and Pommier, Cyril and Quesneville, Hadi and Ruiz, Manuel and Larmande, Pierre},
booktitle = {APIA'15: premiere Conference Applications Pratiques de l'Intelligence Artificielle},
title = {{Towards efficient data integration and knowledge management in the Agronomic domain}},
year = {2015}
}
@article{wollbrett2013clever,
author = {Wollbrett, Julien and Larmande, Pierre and de Lamotte, Fr{\'{e}}d{\'{e}}ric and Ruiz, Manuel},
journal = {BMC bioinformatics},
number = {1},
pages = {126--141},
publisher = {BioMed Central},
title = {{Clever generation of rich SPARQL queries from annotated relational schema: application to Semantic Web Service creation for biological databases}},
volume = {14},
year = {2013}
}
@article{AL-Tam2013,
author = {AL-Tam, Faroq and Adam, Helene and Anjos, Ant{\'{o}}nio and Lorieux, Mathias and Larmande, Pierre and Ghesqui{\`{e}}re, Alain and Jouannic, Stefan and Shahbazkia, Hamid},
journal = {BMC Plant Biology},
number = {1},
pages = {122},
title = {{P-TRAP: a Panicle Trait Phenotyping tool}},
volume = {13},
year = {2013}
}
@article{BizerHeath2009,
author = {Bizer, Christian and Heath, T and Berners-Lee, T},
journal = {International Journal on Semantic Web and Information Systems},
number = {3},
pages = {1--22},
publisher = {Elsevier},
title = {{Linked Data - The Story So Far}},
volume = {5},
year = {2009}
}
@article{Michel2015,
author = {Michel, Franck and Djimenou, Lo{\"{i}}c and Montagnat, Johan and Faron-zucker, Catherine},
title = {{xR2RML : Non-Relational Databases to RDF Mapping Language}},
journal = {HAL},
year = {2015}
}
@article{Antipolis2014,
author = {Michel, Franck and Montagnat, Johan and Faron-zucker, Catherine},
number = {May},
title = {{A survey of RDB to RDF translation approaches and tools}},
journal = {HAL},
year = {2014}
}
@misc{Souripriya,
author = {Souripriya, Das and Seema, Sundara and Richard, Cyganiak},
title = {{R2RML: RDB to RDF Mapping Language}},
}
@article{Gajendran2012,
author = {Gajendran, Santhosh Kumar},
journal = {University of Illinois},
title = {{A Survey on NoSQL Databases}},
year = {2012}
}
@article{Jupp2014,
author = {Jupp, Simon and Malone, James and Bolleman, Jerven and Brandizi, Marco and Davies, Mark and Garcia, Leyla and Gaulton, Anna and Gehant, Sebastien and Laibe, Camille and Redaschi, Nicole and Wimalaratne, Sarala M and Martin, Maria and {Le Nov{\`{e}}re}, Nicolas and Parkinson, Helen and Birney, Ewan and Jenkinson, Andrew M},
journal = {Bioinformatics (Oxford, England)},
pages = {1--2},
title = {{The EBI RDF platform: linked open data for the life sciences.}},
year = {2014}
}
@article{Belleau2008a,
author = {Belleau, Fran{\c{c}}ois and Nolin, Marc-Alexandre and Tourigny, Nicole and Rigault, Philippe and Morissette, Jean},
journal = {Journal of biomedical informatics},
number = {5},
pages = {706--16},
title = {{Bio2RDF: towards a mashup to build bioinformatics knowledge systems.}},
volume = {41},
year = {2008}
}
@article{Sallaud2003,
author = {Sallaud, C and Meynard, D and van Boxtel, J and Gay, C and B{\`{e}}s, M and Brizard, J P and Larmande, P and Ortega, D and Raynal, M and Portefaix, M and Ouwerkerk, P B F and Rueb, S and Delseny, M and Guiderdoni, E},
journal = {TAG. Theoretical and Applied Genetics. Theoretische Und Angewandte Genetik},
number = {8},
pages = {1396--408},
title = {{Highly efficient production and characterization of T-DNA plants for rice ( Oryza sativa L.) functional genomics}},
volume = {106},
year = {2003}
}
@article{Droc2009,
author = {Droc, Ga{\"{e}}tan and P{\'{e}}rin, Christophe and Fromentin, S{\'{e}}bastien and Larmande, Pierre},
journal = {Nucleic Acids Research},
number = {Database issue},
pages = {D992--5},
title = {{OryGenesDB 2008 update: database interoperability for functional genomics of rice}},
volume = {37},
year = {2009}
}
@article{Pugh2004,
author = {Pugh, T. and Fouet, O. and Risterucci, A. M. and Brottier, P. and Abouladze, M. and Deletrez, C. and Courtois, B. and Clement, D. and Larmande, P. and N'Goran, J. A K and Lanaud, C.},
journal = {Theor Appl Genet},
number = {6},
pages = {1151--61},
title = {{A new cacao linkage map based on codominant markers: development and integration of 201 new microsatellite markers}},
volume = {108},
year = {2004}
}
@article{Krallinger2013,
author = {Krallinger, Martin and Leitner, Florian and Rabal, Obdulia},
journal = {Proceedings of the Fourth BioCreative Challenge Evaluation Workshop},
pages = {2--33},
title = {{Overview of the chemical compound and drug name recognition (CHEMDNER) task}},
volume = {2},
year = {2013}
}
@article{Ciravegna1999,
author = {Ciravegna, F. and Ciravegna, F. and Lavelli, a. and Lavelli, a.},
journal = {Natural Language Engineering},
pages = {145--165},
title = {{LearningPinocchio: adaptive information extraction for real world applications}},
volume = {10},
year = {1999}
}
@article{Lafferty2001,
author = {Lafferty, John and McCallum, Andrew and Pereira, Fernando C N},
journal = {ICML '01 Proceedings of the Eighteenth International Conference on Machine Learning},
number = {June},
pages = {282--289},
title = {{Conditional random fields: Probabilistic models for segmenting and labeling sequence data}},
volume = {8},
year = {2001}
}
@article{Segura-Bedmar2015,
author = {Segura-Bedmar, Isabel and Su{\'{a}}rez-Paniagua, V{\'{i}}ctor and Mart{\'{i}}nez, Paloma},
journal = {Proceedings of the fifth BioCreative challenge evaluation workshop},
pages = {90--93},
title = {{Combining Conditional Random Fields and Word Embeddings for the CHEMDNER-patents task}},
year = {2015}
}
@article{LEAMAN2007,
author = {LEAMAN, ROBERT and GONZALEZ, GRACIELA},
journal = {Biocomputing 2008},
pages = {652--663},
title = {{Banner: an Executable Survey of Advances in Biomedical Named Entity Recognition}},
volume = {663},
year = {2007}
}
@article{Califf1999,
author = {Califf, Mary Elaine and Mooney, Raymond J},
journal = {Computational Linguistics},
pages = {9--15},
title = {{Relational learning of pattern-match rules for information extraction}},
volume = {4},
year = {1999}
}
@article{Hettne2009,
author = {Hettne, Kristina M. and Stierum, Rob H. and Schuemie, Martijn J. and Hendriksen, Peter J. M. and Schijvenaars, Bob J. A. and van Mulligen, Erik M. and Kleinjans, Jos and Kors, Jan A.},
journal = {Bioinformatics},
number = {22},
pages = {2983--2991},
publisher = {Oxford University Press},
title = {{A dictionary to identify small molecules and drugs in free text}},
volume = {25},
year = {2009}
}
@article{Gerner2010,
author = {Gerner, Martin and Nenadic, Goran and Bergman, Casey M},
journal = {BMC Bioinformatics},
number = {1},
pages = {85},
publisher = {BioMed Central},
title = {{LINNAEUS: A species name identification system for biomedical literature}},
volume = {11},
year = {2010}
}
@article{Lample2016,
author = {Lample, Guillaume and Ballesteros, Miguel and Subramanian, Sandeep and Kawakami, Kazuya and Dyer, Chris},
title = {{Neural Architectures for Named Entity Recognition}},
year = {2016}
}
@article{Rocktaschel2012,
author = {Rockt{\"{a}}schel, Tim and Weidlich, Michael and Leser, Ulf},
journal = {Bioinformatics},
number = {12},
pages = {1633--1640},
publisher = {Oxford University Press},
title = {{ChemSpot: a hybrid system for chemical named entity recognition}},
volume = {28},
year = {2012}
}
@article{Settles2005,
author = {Settles, B.},
journal = {Bioinformatics},
number = {14},
pages = {3191--3192},
publisher = {Oxford University Press},
title = {{ABNER: an open source tool for automatically tagging genes, proteins and other entity names in text}},
volume = {21},
year = {2005}
}
@article{Uzuner2011,
author = {Uzuner, {\"{O}}zlem and South, Brett R and Shen, Shuying and DuVall, Scott L},
journal = {Journal of the American Medical Informatics Association : JAMIA},
number = {5},
pages = {552--6},
publisher = {American Medical Informatics Association},
title = {{2010 i2b2/VA challenge on concepts, assertions, and relations in clinical text.}},
volume = {18},
year = {2011}
}
@article{Rabiner1989,
author = {Rabiner, L.R.},
journal = {Proceedings of the IEEE},
number = {2},
pages = {257--286},
title = {{A tutorial on hidden Markov models and selected applications in speech recognition}},
volume = {77},
year = {1989}
}
@article{Settles2004,
author = {Settles, Burr},
journal = {International Joint Workshop on Natural Language Processing in Biomedicine and its Applications},
pages = {104--107},
title = {{Biomedical named entity recognition using conditional random fields and rich feature sets}},
year = {2004}
}
@article{Franzen2002,
author = {Franz{\'{e}}n, Kristofer and Eriksson, Gunnar and Olsson, Fredrik and Asker, Lars and Lid{\'{e}}n, Per and C{\"{o}}ster, Joakim},
journal = {International journal of medical informatics},
number = {1-3},
pages = {49--61},
title = {{Protein names and how to find them.}},
volume = {67},
year = {2002}
}
@article{Jovanovic2017a,
author = {Jovanovi{\'{c}}, Jelena and Bagheri, Ebrahim},
journal = {Journal of Biomedical Semantics},
number = {1},
pages = {44},
publisher = {BioMed Central},
title = {{Semantic annotation in biomedicine: the current landscape}},
volume = {8},
year = {2017}
}
@article{Schmachtenberg-al2014,
  author = {Schmachtenberg, Max and Bizer, Christian and Paulheim, Heiko},
  title = {{Adoption of the Linked Data Best Practices in Different Topical Domains}},
  journal = {Semantic Web Conference},
  pages = {245--260},
  volume = {1},
  year = "2014"
}
@article{Ong2016,
author = {Ong, Edison and Xiang, Zuoshuang and Zhao, Bin and Liu, Yue and Lin, Yu and Zheng, Jie and Mungall, Chris and Courtot, M{\'{e}}lanie and Ruttenberg, Alan and He, Yongqun},
journal = {Nucleic Acids Research},
pages = {gkw918},
title = {{Ontobee: A linked ontology data server to support ontology term dereferencing, linkage, query and integration}},
year = {2016}
}
@article{Antoniou2009a,
author = {Antoniou, Grigoris and Harmelen, F},
journal = {Handbook on ontologies},
title = {{Web ontology language: Owl}},
year = {2009}
}
@article{Cote2006,
author = {C{\^{o}}t{\'{e}}, Richard G and Jones, Philip and Apweiler, Rolf and Hermjakob, Henning},
journal = {BMC bioinformatics},
pages = {97},
title = {{The Ontology Lookup Service, a lightweight cross-platform tool for controlled vocabulary queries.}},
volume = {7},
year = {2006}
}
@article{Smith2007,
author = {Smith, Barry and Ashburner, Michael and Rosse, Cornelius and Bard, Jonathan and Bug, William and Ceusters, Werner and Goldberg, Louis J and Eilbeck, Karen and Ireland, Amelia and Mungall, Christopher J and Leontis, Neocles and Rocca-Serra, Philippe and Ruttenberg, Alan and Sansone, Susanna-Assunta and Scheuermann, Richard H and Shah, Nigam and Whetzel, Patricia L and Lewis, Suzanna},
journal = {Nat Biotech},
number = {11},
pages = {1251--1255},
title = {{The OBO Foundry: coordinated evolution of ontologies to support biomedical data integration}},
volume = {25},
year = {2007}
}
@article{rodriguez2015,
	title = {Query {Rewriting} and {Optimisation} with {Database} {Dependencies} in {Ontop}},
	author = {Rodriguez-Muro, Mariano},
	note = {Citation Key: Rodriguez-Muro}
}
@article{neveu2018,
author = {Neveu, Pascal and Tireau, Anne and Hilgert, Nadine and NÃ¨gre, Vincent and Mineau-Cesari, Jonathan and Brichet, Nicolas and Chapuis, Romain and Sanchez, Isabelle and Pommier, Cyril and Charnomordic, Brigitte and Tardieu, FranÃ§ois and Cabrera-Bosquet, LlorenÃ§},
title = {Dealing with multi-source and multi-scale information in plant phenomics: the ontology-driven Phenotyping Hybrid Information System},
journal = {New Phytologist},
volume = {0},
number = {0},
pages = {},
doi = {10.1111/nph.15385}
}
@article{agrold2018,
	title = {Agronomic {Linked} {Data} ({AgroLD}): a {Knowledge}-based {System} to {Enable} {Integrative} {Biology} in {Agronomy}},
	doi = {10.1101/325423},
	journal = {bioRxiv},
	author = {Venkatesan, Aravind and Ngompe, Gildas Tagny and Hassouni, Nordine El and Chentli, Imene and Guignon, Valentin and Jonquet, Clement and Ruiz, Manuel and Larmande, Pierre},
	year = {2018},
	pages = {325423}
}
@article{gramene2018,
	title = {Gramene 2018: {Unifying} comparative genomics and pathway resources for plant research},
	issn = {13624962},
	doi = {10.1093/nar/gkx1111},
	journal = {Nucleic Acids Research},
	author = {Tello-Ruiz, Marcela K. and Naithani, Sushma and Stein, Joshua C. and Gupta, Parul and Campbell, Michael and Olson, Andrew and Wei, Sharon and Preece, Justin and Geniza, Matthew J. and Jiao, Yinping and Lee, Young Koung and Wang, Bo and Mulvaney, Joseph and Chougule, Kapeel and Elser, Justin and Al-Bader, Noor and Kumari, Sunita and Thomason, James and Kumar, Vivek and Bolser, Daniel M. and Naamati, Guy and Tapanari, Electra and Fonseca, Nuno and Huerta, Laura and Iqbal, Haider and Keays, Maria and Munoz-Pomer Fuentes, Alfonso and Tang, Amy and Fabregat, Antonio and D'Eustachio, Peter and Weiser, Joel and Stein, Lincoln D. and Petryszak, Robert and Papatheodorou, Irene and Kersey, Paul J. and Lockhart, Patti and Taylor, Crispin and Jaiswal, Pankaj and Ware, Doreen},
	year = {2018}
}

@article{uniprot2011,
	title = {{UniProt} {Knowledgebase}: {A} hub of integrated protein data},
	volume = {2011},
	issn = {17580463},
	doi = {10.1093/database/bar009},
	journal = {Database},
	author = {Magrane, Michele and Consortium, Uni Prot},
	year = {2011}
}


@article{goa2009,
	title = {The {GOA} database in 2009 - {An} integrated {Gene} {Ontology} {Annotation} resource},
	volume = {37},
	issn = {03051048},
	doi = {10.1093/nar/gkn803},
	number = {SUPPL. 1},
	journal = {Nucleic Acids Research},
	author = {Barrell, Daniel and Dimmer, Emily and Huntley, Rachael P. and Binns, David and O'Donovan, Claire and Apweiler, Rolf},
	year = {2009}
}

@article{tropgenedb2012,
	title = {{TropGeneDB}, the multi-tropical crop information system updated and extended},
	doi = {10.1093/nar/gks1105},
	journal = {Nucleic acids research},
	author = {Hamelin, Chantal and Sempere, Guilhem and Jouffe, Vincent and Ruiz, Manuel},
	year = {2012},
	pages = {gks1105}
}

@article{sniplay3,
	title = {{SNiPlay}3: a web-based application for exploration and large scale analyses of genomic variations.},
	volume = {43},
	issn = {1362-4962},
	doi = {10.1093/nar/gkv351},
	number = {W1},
	journal = {Nucleic acids research},
	author = {Dereeper, Alexis and Homa, Felix and Andres, Gwendoline and Sempere, Guilhem and Sarah, Gautier and Hueber, Yann and Dufayard, Jean-FranÃ§ois and Ruiz, Manuel},
	year = {2015},
	pages = {W295--300}
}
@article{Droc2009b,
	title = {{OryGenesDB} 2008 update: database interoperability for functional genomics of rice},
	volume = {37},
	issn = {1362-4962},
	shorttitle = {{OryGenesDB} 2008 update},
	doi = {10.1093/nar/gkn821},
	number = {Database issue},
	journal = {Nucleic Acids Research},
	author = {Droc, G and PÃ©rin, C and Fromentin, S and Larmande, P},
	year = {2009},
	pages = {D992--D995}
}

@article{greenphyl2011,
	title = {{GreenPhylDB} v2.0: comparative and functional genomics in plants.},
	volume = {39},
	issn = {1362-4962},
	doi = {10.1093/nar/gkq811},
	number = {Database issue},
	journal = {Nucleic acids research},
	author = {Rouard, Mathieu and Guignon, Valentin and Aluome, Christelle and Laporte, Marie-AngÃ©lique and Droc, GaÃ«tan and Walde, Christian and Zmasek, Christian M and PÃ©rin, Christophe and Conte, Matthieu G},
	year = {2011},
	pages = {D1095--102}
}
@article{larmande2008,
	title = {Oryza {Tag} {Line}, a phenotypic mutant database for the {Genoplante} rice insertion line library},
	volume = {36},
	issn = {1362-4962},
	doi = {10.1093/nar/gkm762},
	number = {Database issue},
	journal = {Nucleic Acids Research},
	author = {Larmande, P and Gay, C and Lorieux, M and PÃ©rin, C and Bouniol, M and Droc, G and Sallaud, C and Perez, P and Barnola, I and Biderre-Petit, C and Martin, J and Morel, J.B. and Johnson, A and Bourgis, F and GhesquiÃ¨re, A and Ruiz, M and Courtois, B and Guiderdoni, E},
	year = {2008},
	pages = {D1022--1027}
}
@article{Ashburner2000,
	title = {Gene ontology: tool for the unification of biology. {The} {Gene} {Ontology} {Consortium}.},
	volume = {25},
	doi = {10.1038/75556},
	number = {1},
	journal = {Nat Genet},
	author = {Ashburner, M. and Ball, C. A. and Blake, J. A. and Botstein, D. and Butler, H. and Cherry, J. M. and Davis, A. P. and Dolinski, K. and Dwight, S. S. and Eppig, J. T. and Harris, M. A. and Hill, D. P. and Issel-Tarver, L. and Kasarskis, A. and Lewis, S. and Matese, J. C. and Richardson, J. E. and Ringwald, M. and Rubin, G. M. and Sherlock, G.},
	year = {2000},
	pages = {25--29}
}

@article{TheGeneOntologyConsortium2014,
	title = {Gene {Ontology} {Consortium}: going forward.},
	volume = {43},
	issn = {1362-4962},
	doi = {10.1093/nar/gku1179},
	number = {D1},
	journal = {Nucleic acids research},
	author = {{The Gene Ontology Consortium}},
	year = {2014},
	pages = {D1049--1056}
}
@article{plantOntology2002,
	title = {The {Plant} {Ontology} {Consortium} and plant ontologies.},
	volume = {3},
	issn = {1531-6912},
	doi = {10.1002/cfg.154},
	number = {2},
	journal = {Comparative and functional genomics},
	author = {Plant, The and Consortium, Ontology},
	year = {2002},
	note = {Citation Key: Plant2002},
	pages = {137--42}
}
@article{planteome2018,
	title = {The {Planteome} database: {An} integrated resource for reference ontologies, plant genomics and phenomics},
	volume = {46},
	issn = {13624962},
	doi = {10.1093/nar/gkx1152},
	number = {D1},
	journal = {Nucleic Acids Research},
	author = {Cooper, Laurel and Meier, Austin and Laporte, Marie AngÃ©lique and Elser, Justin L. and Mungall, Chris and Sinn, Brandon T. and Cavaliere, Dario and Carbon, Seth and Dunn, Nathan A. and Smith, Barry and Qu, Botong and Preece, Justin and Zhang, Eugene and Todorovic, Sinisa and Gkoutos, Georgios and Doonan, John H. and Stevenson, Dennis W. and Arnaud, Elizabeth and Jaiswal, Pankaj},
	year = {2018}
}

@article{envo2016,
	title = {The environment ontology in 2016: bridging domains with increased scope, semantic density, and interoperation},
	volume = {7},
	issn = {2041-1480},
	doi = {10.1186/s13326-016-0097-6},
	number = {1},
	journal = {Journal of Biomedical Semantics},
	author = {Buttigieg, Pier Luigi and Pafilis, Evangelos and Lewis, Suzanna E. and Schildhauer, Mark P. and Walls, Ramona L. and Mungall, Christopher J. and Buttigieg, PL and Morrison, N and Smith, B and Mungall, CJ and Lewis, SE and Field, D and Amaral-Zettler, L and Cochrane, G and Cole, JR and Dawyndt, P and Garrity, GM and Gilbert, J and GlÃ¶ckner, FO and Hirschman, L and Karsch-Mizrachi, I and Klenk, H-P and Knight, R and Kottmann, R and Kyrpides, N and Meyer, F and Gil, I San and Sansone, S-A and Schriml, LM and Sterk, P and Tatusova, T and Ussery, DW and White, O and Wooley, J and Pesant, S and Not, F and Picheral, M and Kandels-Lewis, S and Bescot, N and Gorsky, G and Iudicone, D and Karsenti, E and Speich, S and TroublÃ©, R and Dimier, C and Searson, S and Savio, D and Sinclair, L and Ijaz, UZ and Parajka, J and Reischer, GH and Stadler, P and Blaschke, AP and BlÃ¶schl, G and Mach, RL and Kirschner, AKT and Farnleitner, AH and Eiler, A and Kopf, A and Bicak, M and Kottmann, R and Schnetzer, J and Kostadinov, I and Lehmann, K and Fernandez-Guerra, A and Jeanthon, C and Rahav, E and Ullrich, M and Wichels, A and Gerdts, G and Polymenakou, P and Kotoulas, G and Siam, R and Abdallah, RZ and Sonnenschein, EC and Cariou, T and Oâ€™Gara, F and Jackson, S and Orlic, S and Steinke, M and Busch, J and Duarte, B and CaÃ§ador, I and Canning-Clode, J and Bobrova, O and Marteinsson, V and Reynisson, E and Loureiro, CM and Leung, MHY and Wilkins, D and Li, EKT and Kong, FKF and Lee, PKH and Hartmann, M and Niklaus, PA and Zimmermann, S and Schmutz, S and Kremer, J and Abarenkov, K and LÃ¼scher, P and Widmer, F and Frey, B and Meyer, F and Paarmann, D and Dâ€™souza, M and Olson, R and Glass, EM and Kubal, M and Paczian, T and Rodriguez, A and Stevens, R and Wilke, A and Smith, B and Ashburner, M and Rosse, C and Bard, J and Bug, W and Ceusters, W and Goldberg, LJ and Eilbeck, K and Ireland, A and Mungall, CJ and Leontis, N and Rocca-Serra, P and Ruttenberg, A and Sansone, S-A and Scheuermann, RH and Shah, N and Whetzel, PL and Lewis, S and Deck, J and Barker, K and Beaman, R and Buttigieg, PL and DrÃ¶ge, G and Miller, C and Tuama, Ã‰Ã“ and Murrell, Z and Parr, C and Robbins, B and Walls, RL and Guralnick, R and Deck, J and Buntzman, A and Buttigieg, PL and Davies, N and Denslow, MW and Gallery, RE and Parnell, JJ and Osumi-sutherland, D and Robbins, RJ and Thessen, AE and Bunker, DE and Buttigieg, PL and Cooper, LD and Dahdul, WM and Domisch, S and Franz, NM and Jaiswal, P and Lawrence-dill, CJ and Midford, PE and Mungall, CJ and Ram, J and Zhang, G and Deans, AR and Huala, E and Lewis, SE and Walls, RL and Deck, J and Guralnick, R and Baskauf, S and Beaman, R and Blum, S and Bowers, S and Buttigieg, PL and Davies, N and Endresen, D and Gandolfo, MA and Hanner, R and Janning, A and Krishtalka, L and Matsunaga, A and Midford, P and Morrison, N and Tuama, Ã‰Ã“ and Schildhauer, M and Smith, B and Stucky, BJ and Thomer, A and Wieczorek, J and Whitacre, J and Wooley, J and Rocca-Serra, P and Brandizi, M and Maguire, E and Sklyar, N and Taylor, C and Begley, K and Field, D and Harris, S and Hide, W and Hofmann, O and Neumann, S and Sterk, P and Tong, W and Sansone, S-A and Wieczorek, J and Bloom, D and Guralnick, R and Blum, S and DÃ¶ring, M and Giovanni, R and Robertson, T and Vieglais, D and Wieczorek, J and BÃ¡nki, O and Blum, S and Deck, J and DÃ¶ring, M and DrÃ¶ge, G and Endresen, D and Goldstein, P and Leary, P and Krishtalka, L and Tuama, Ã‰Ã“ and Robbins, RJ and Robertson, T and Yilmaz, P and Henschel, A and Anwar, MZ and Manohar, V and Poelen, JH and Simons, JD and Mungall, CJ and Day-Richter, J and Harris, MA and Haendel, M and Lewis, S and Courtot, M and Gibson, F and Lister, AL and Malone, J and Schober, D and Brinkman, RR and Ruttenberg, A and Mungall, CJ and Torniai, C and Gkoutos, GV and Lewis, SE and Haendel, MA and Degtyarenko, K and Matos, P and Ennis, M and Hastings, J and Zbinden, M and McNaught, A and AlcÃ¡ntara, R and Darsow, M and Guedj, M and Ashburner, M and Dietze, H and Berardini, TZ and Foulger, RE and Hill, DP and Lomax, J and Osumi-Sutherland, D and Roncaglia, P and Mungall, CJ and Pafilis, E and Frankild, SP and Schnetzer, J and Fanini, L and Faulwetter, S and Pavloudi, C and Vasileiadou, K and Leary, P and Hammock, J and Schulz, K and Parr, CS and Arvanitidis, C and Jensen, LJ and Yilmaz, P and Kottmann, R and Field, D and Knight, R and Cole, JR and Amaral-Zettler, L and Gilbert, JA and Karsch-Mizrachi, I and Johnston, A and Cochrane, G and Vaughan, R and Hunter, C and Park, J and Morrison, N and Rocca-Serra, P and Sterk, P and Arumugam, M and Bailey, M and Baumgartner, L and Birren, BW and Blaser, MJ and Bonazzi, V and Booth, T and Bork, P and Bushman, FD and Buttigieg, PL and Chain, PSG and Charlson, E and Costello, EK and Huot-Creasy, H and Glass, EM and Dribinsky, Y and Yilmaz, P and Levin, H and Pelt, R and Wendel, D and Wilke, A and Eisen, JA and Huse, S and Shipanova, A and Sogin, M and Stajich, J and Knight, R and Meyer, F and Schriml, LM and Lund, HG and Sasaki, N and Putz, FE and Sexton, JO and Noojipady, P and Song, X-P and Feng, M and Song, D-X and Kim, D-H and Anand, A and Huang, C and Channan, S and Pimm, SL and Townshend, JR and Mungall, CJ and Bada, M and Berardini, TZ and Deegan, J and Ireland, A and Harris, MA and Hill, DP and Lomax, J and Parr, CS and Wilson, N and Leary, P and Schulz, KS and Lans, K and Walley, L and Hammock, JA and Goddard, A and Rice, J and Studer, M and Holmes, JTG and Corrigan, RJ and Huerta-Cepas, J and Capella-Gutierrez, S and Pryszcz, LP and Marcet-Houben, M and Gabaldon, T and Piel, WH and Donoghue, MJ and Sanderson, MJ and Groom, QJ and Elith, J and Leathwick, JR and Hall, LS and Krausman, PR and Morrison, ML and Kearney, M and Schmidt, TSB and Rodrigues, JF Matias and Mering, C and MahÃ©, F and Rognes, T and Quince, C and Vargas, C and Dunthorn, M and Eren, AM and Maignien, L and Sul, WJ and Murphy, LG and Grim, SL and Morrison, HG and Sogin, ML and Ellis, EC and Ramankutty, N and Talisuna, A and Adibaku, S and Dorsey, G and Kamya, MR and Rosenthal, PJ and Wanzirah, H and Tusting, LS and Arinaitwe, E and Katureebe, A and Maxwell, K and Rek, J and Bottomley, C and Staedke, SG and Kamya, M and Dorsey, G and Lindsay, SW and Pletscher-Frankild, S and PallejÃ , A and Tsafou, K and Binder, JX and Jensen, LJ and Groza, T and KÃ¶hler, S and Doelken, S and Collier, N and Oellrich, A and Smedley, D and Couto, FM and Baynam, G and Zankl, A and Robinson, PN and Tringe, SG and Zhang, T and Liu, X and Yu, Y and Lee, WH and Yap, J and Yao, F and Suan, ST and Ing, SK and Haynes, M and Rohwer, F and Wei, CL and Tan, P and Bristow, J and Rubin, EM and Ruan, Y and Hospodsky, D and Qian, J and Nazaroff, WW and Yamamoto, N and Bibby, K and Rismani-Yazdi, H and Peccia, J and Adams, RI and Bateman, AC and Bik, HM and Meadow, JF and Flores, GE and Bates, ST and Knights, D and Lauber, CL and Stombaugh, J and Knight, R and Fierer, N and Dunn, RR and Fierer, N and Henley, JB and Leff, JW and Menninger, HL and Hastings, J and Jeliazkova, N and Owen, G and Tsiliki, G and Munteanu, CR and Steinbeck, C and Willighagen, E and Lovett, GM and Tear, TH and Evers, DC and Findlay, SEG and Cosby, BJ and Dunscomb, JK and Driscoll, CT and Weathers, KC and Colglazier, W and Schmitt, CB and Belokurov, A and BesanÃ§on, C and Boisrobert, L and Burgess, ND and Campbell, A and Coad, L and Fish, L and Gliddon, D and Humphries, K and Kapos, V and Loucks, C and Lysenko, I and Miles, L and Mills, C and Minnemeyer, S and Pistorius, T and Ravilious, C and Steininger, M and Winkel, G and Hardisty, A and Roberts, D and Wilkinson, MD and Dumontier, M and Aalbersberg, IJ and Appleton, G and Axton, M and Baak, A and Blomberg, N and Boiten, J-W and Santos, LB Silva and Bourne, PE and Bouwman, J and Brookes, AJ and Clark, T and Crosas, M and Dillo, I and Dumon, O and Edmunds, S and Evelo, CT and Finkers, R and Gonzalez-Beltran, A and Gray, AJG and Groth, P and Goble, C and Grethe, JS and Heringa, J and Hoen, PA â€˜t and Hooft, R and Kuhn, T and Kok, R and Kok, J},
	year = {2016},
	note = {ISBN: 1332601600976}
}
@article{miappe,
author = {Krajewski, PaweÅ‚ and Chen, Dijun and Ä†wiek, Hanna and van Dijk, Aalt D J and Fiorani, Fabio and Kersey, Paul and Klukas, Christian and Lange, Matthias and Markiewicz, Augustyn and Nap, Jan Peter and van Oeveren, Jan and Pommier, Cyril and Scholz, Uwe and van Schriek, Marco and Usadel, BjÃ¶rn and Weise, Stephan},
title = {Towards recommendations for metadata and data handling in plant phenotyping},
journal = {Journal of Experimental Botany},
volume = {66},
number = {18},
pages = {5417-5427},
year = {2015},
doi = {10.1093/jxb/erv271}
}
@article{danecek2011,
	title = {The variant call format and {VCFtools}.},
	volume = {27},
	issn = {1367-4811},
	doi = {10.1093/bioinformatics/btr330},
	number = {15},
	journal = {Bioinformatics (Oxford, England)},
	author = {Danecek, Petr and Auton, Adam and Abecasis, Goncalo and Albers, Cornelis A and Banks, Eric and DePristo, Mark A and Handsaker, Robert E and Lunter, Gerton and Marth, Gabor T and Sherry, Stephen T and McVean, Gilean and Durbin, Richard},
	year = {2011},
	pmid = {21653522},
	pages = {2156--8}
}
@article{gfvo2015,
	title = {{GFVO}: the {Genomic} {Feature} and {Variation} {Ontology}.},
	volume = {3},
	issn = {2167-8359},
	doi = {10.7717/peerj.933},
	journal = {PeerJ},
	author = {Baran, Joachim and Durgahee, Bibi Sehnaaz Begum and Eilbeck, Karen and Antezana, Erick and Hoehndorf, Robert and Dumontier, Michel},
	year = {2015},
	pmid = {26019997},
	pages = {e933}
}

@article{identifiers,
	title = {Identifiers. org: integration tool for heterogeneous datasets},
	doi = {10.6084/m9.figshare.1232122.v1},
	journal = {Dils 2014},
	author = {Laibe, Camille and Wimalaratne, Sarala and Juty, Nick and Le NovÃ¨re, Nicolas and Hermjakob, Henning},
	year = {2014},
	note = {Citation Key: Laibe2014},
	pages = {14}
}
@inproceedings{relfinder,
	title = {{RelFinder}: {Revealing} relationships in {RDF} knowledge bases},
	volume = {5887 LNCS},
	isbn = {3-642-10542-4},
	doi = {10.1007/978-3-642-10543-2_21},
	booktitle = {Lecture {Notes} in {Computer} {Science} (including subseries {Lecture} {Notes} in {Artificial} {Intelligence} and {Lecture} {Notes} in {Bioinformatics})},
	author = {Heim, Philipp and Hellmann, Sebastian and Lehmann, Jens and Lohmann, Steffen and Stegemann, Timo},
	year = {2009},
	note = {Citation Key: Heim2009
ISSN: 03029743},
	pages = {182--187}
}
@article{pubby,
	title = {Pubby - {A} {Linked} {Data} {Frontend} for {SPARQL} {Endpoints}},
	
	author = {Cyganiak, Richard (National University of Ireland) and Bizer, Christian},
	year = {2008},
	note = {Citation Key: Cyganiak2008}
}

@article{yasgui,
	title = {The {YASGUI} {Family} of {SPARQL} {Clients}},
	journal = {Semantic Web Journal},
	author = {Rietveld, Laurens and Hoekstra, Rinke},
	year = {2015},
	note = {Citation Key: Rietveld2015YASGUI}
}
@inproceedings{Moldovan-al2002,
    author = {Dan Moldovan and Marius Pasca and Sanda Harabagiu and Mihai Surdeanu},
    title = {Performance Issues and Error Analysis in an Open-Domain Question Answering System},
    booktitle = {Proceedings of 40th Annual Meeting of the Association for Computational Linguistics},
    year = {2002},
    pages = {33--40}
}
@article{HirschmanGaizauskas2001,
 author = {Hirschman, L. and Gaizauskas, R.},
 title = {Natural Language Question Answering: The View from Here},
 journal = {Nat. Lang. Eng.},
 volume = {7},
 number = {4},
 year = {2001},
 pages = {275--300},
 numpages = {26}
} 
@article{Lopez-al2011,
 author = {Lopez, Vanessa and Uren, Victoria and Sabou, Marta and Motta, Enrico},
 title = {Is Question Answering Fit for the Semantic Web?: A Survey},
 journal = {Semant. web},
 volume = {2},
 number = {2},
 year = {2011},
 pages = {125--155},
 numpages = {31}
} 
@article{NevesLeser2015,
  author = {Neves, Mariana and Leser, Ulf},
  journal = {Methods},
  pages = {36--46},
  publisher = {Elsevier Inc.},
  title = {{Question answering for Biology}},
  volume = {74},
  year = {2015}
}
@inproceedings{KimCohen2013,
author={Jin-Dong Kim and {Kevin Bretonnel} Cohen},
title={Natural language query processing for SPARQL generation: A prototype system for SNOMED-CT},
year={2013},
booktitle={Proceedings of the {BioLINK SIG}},
pages={32--38}
}
@article{basaldella2015introducing,
  title={Introducing Distiller: A Unifying Framework for Knowledge Extraction.},
  author={Basaldella, Marco and De Nart, Dario and Tasso, Carlo},
  journal={IT@ LIA@ AI* IA},
  volume={1509},
  year={2015}
}
@article{ferrara2011,
	title = {Data {Linking} for the {Semantic} {Web}},
	volume = {7},
	number = {3},
	journal = {International Journal on Semantic Web and Information Systems (IJSWIS)},
	author = {Ferrara, Alfio and Nikolov, Andriy and Scharffe, FranÃ§ois},
	year = {2011},
	pages = {46--76}
}
@article{erv271,
author = {Krajewski, PaweÅ‚ and Chen, Dijun and Ä†wiek, Hanna and van Dijk, Aalt D J and Fiorani, Fabio and Kersey, Paul and Klukas, Christian and Lange, Matthias and Markiewicz, Augustyn and Nap, Jan Peter and van Oeveren, Jan and Pommier, Cyril and Scholz, Uwe and van Schriek, Marco and Usadel, BjÃ¶rn and Weise, Stephan},
title = {Towards recommendations for metadata and data handling in plant phenotyping},
journal = {Journal of Experimental Botany},
volume = {66},
number = {18},
pages = {5417-5427},
year = {2015}
}

@incollection{achichi2018,
	edition = {willey},
	series = {Databases and {Big} {Data} {SET}},
	title = {Doing {Web} {Data}: from {Dataset} {Recommendation} to {Data} {Linking}},
	volume = {1},
	booktitle = {{NoSQL} {Data} {Models}},
	publisher = {Olivier Pivert},
	author = {Achichi, Manel and Ben Ellefi, Mohamed and Bellahsene, Zohra and Todorov, Konstantin},
	month = jul,
	year = {2018},
	pages = {57--91}
}
@inproceedings{AchichiBT17,
  author    = {Manel Achichi and
               Zohra Bellahsene and
               Konstantin Todorov},
  title     = {Legato results for {OAEI} 2017},
  booktitle = {Proceedings of the 12th International Workshop on Ontology Matching
               co-located with the 16th International Semantic Web Conference {(ISWC}
               2017), Vienna, Austria, October 21, 2017.},
  pages     = {146--152},
  year      = {2017},
  crossref  = {DBLP:conf/semweb/2017om},
  url       = {http://ceur-ws.org/Vol-2032/oaei17\_paper6.pdf},
}
@inproceedings{SymeonidouAPS14,
  author    = {Danai Symeonidou and
               Vincent Armant and
               Nathalie Pernelle and
               Fatiha Sa{\"{\i}}s},
  title     = {SAKey: Scalable Almost Key Discovery in {RDF} Data},
  booktitle = {The Semantic Web - {ISWC} 2014 - 13th International Semantic Web Conference,
               Riva del Garda, Italy, October 19-23, 2014. Proceedings, Part {I}},
  pages     = {33--49},
  year      = {2014},
  crossref  = {DBLP:conf/semweb/2014-1},
  url       = {https://doi.org/10.1007/978-3-319-11964-9\_3},
  doi       = {10.1007/978-3-319-11964-9\_3}
}
@article{matsumoto_nipponbare_2016,
	title = {The {Nipponbare} genome and the next-generation of rice genomics research in {Japan}},
	volume = {9},
	issn = {1939-8433},
	
	doi = {10.1186/s12284-016-0107-4},
	number = {1},
	urldate = {2019-03-07},
	journal = {Rice},
	author = {Matsumoto, Takashi and Wu, Jianzhong and Itoh, Takeshi and Numa, Hisataka and Antonio, Baltazar and Sasaki, Takuji},
	month = jul,
	year = {2016},
	pages = {33}
}

@article{3KRG_2018,
	title = {Genomic variation in 3,010 diverse accessions of {Asian} cultivated rice},
	volume = {557},
	issn = {0028-0836},
	
	doi = {10.1038/s41586-018-0063-9},
	number = {7703},
	urldate = {2018-05-23},
	journal = {Nature},
	author = {Wang, Wensheng and Mauleon, Ramil and Hu, Zhiqiang and Chebotarov, Dmytro and Tai, Shuaishuai and Wu, Zhichao and Li, Min and Zheng, Tianqing and Fuentes, Roven Rommel and Zhang, Fan and Mansueto, Locedie and Copetti, Dario and Sanciangco, Millicent and Palis, Kevin Christian and Xu, Jianlong and Sun, Chen and Fu, Binying and Zhang, Hongliang and Gao, Yongming and Zhao, Xiuqin and Shen, Fei and Cui, Xiao and Yu, Hong and Li, Zichao and Chen, Miaolin and Detras, Jeffrey and Zhou, Yongli and Zhang, Xinyuan and Zhao, Yue and Kudrna, Dave and Wang, Chunchao and Li, Rui and Jia, Ben and Lu, Jinyuan and He, Xianchang and Dong, Zhaotong and Xu, Jiabao and Li, Yanhong and Wang, Miao and Shi, Jianxin and Li, Jing and Zhang, Dabing and Lee, Seunghee and Hu, Wushu and Poliakov, Alexander and Dubchak, Inna and Ulat, Victor Jun and Borja, Frances Nikki and Mendoza, John Robert and Ali, Jauhar and Li, Jing and Gao, Qiang and Niu, Yongchao and Yue, Zhen and Naredo, Ma. Elizabeth B. and Talag, Jayson and Wang, Xueqiang and Li, Jinjie and Fang, Xiaodong and Yin, Ye and Glaszmann, Jean-Christophe and Zhang, Jianwei and Li, Jiayang and Hamilton, Ruaraidh Sackville and Wing, Rod A. and Ruan, Jue and Zhang, Gengyun and Wei, Chaochun and Alexandrov, Nickolai and McNally, Kenneth L. and Li, Zhikang and Leung, Hei},
	month = may,
	year = {2018},
	note = {Publisher: Nature Publishing Group},
	keywords = {Agricultural genetics, Natural variation in plants},
	pages = {43--49}
}
@incollection{ChenCAK14,
  author    = {Dijun Chen and
               Ming Chen and
               Thomas Altmann and
               Christian Klukas},
  title     = {Bridging Genomics and Phenomics},
  booktitle = {Approaches in Integrative Bioinformatics - Towards the Virtual Cell},
  pages     = {299--333},
  year      = {2014},
  crossref  = {DBLP:books/sp/2014CH},
  doi       = {10.1007/978-3-642-41281-3\_11},
  biburl    = {https://dblp.org/rec/bib/books/sp/14/ChenCAK14},
  bibsource = {dblp computer science bibliography, https://dblp.org}
}

@article{manolio2009,
	title = {Finding the missing heritability of complex diseases},
	volume = {461},
	
	journal = {Nature},
	author = {Manolio, Teri A. and Collins, Francis S. and Cox, Nancy J. and Goldstein, David B. and Hindorff, Lucia A. and Hunter, David J. and McCarthy, Mark I. and Ramos, Erin M. and Cardon, Lon R. and Chakravarti, Aravinda and Cho, Judy H. and Guttmacher, Alan E. and Kong, Augustine and Kruglyak, Leonid and Mardis, Elaine and Rotimi, Charles N. and Slatkin, Montgomery and Valle, David and Whittemore, Alice S. and Boehnke, Michael and Clark, Andrew G. and Eichler, Evan E. and Gibson, Greg and Haines, Jonathan L. and Mackay, Trudy F. C. and McCarroll, Steven A. and Visscher, Peter M.},
	month = oct,
	year = {2009},
	pages = {747}
}

@article{houle2010,
	title = {Phenomics: the next challenge},
	volume = {11},
	
	journal = {Nature Reviews Genetics},
	author = {Houle, David and Govindaraju, Diddahally R. and Omholt, Stig},
	month = nov,
	year = {2010},
	pages = {855}
}

@article{furbank2011,
	title = {Phenomics â€“ technologies to relieve the phenotyping bottleneck},
	volume = {16},
	issn = {1360-1385},
	
	doi = {https://doi.org/10.1016/j.tplants.2011.09.005},
	number = {12},
	journal = {Trends in Plant Science},
	author = {Furbank, Robert T. and Tester, Mark},
	year = {2011},
	pages = {635 -- 644}
}

@article{Hou2013a,
	title = {A review of post-{GWAS} prioritization approaches},
	volume = {4},
	issn = {16648021},
	doi = {10.3389/fgene.2013.00280},
	number = {DEC},
	journal = {Frontiers in Genetics},
	author = {Hou, Lin and Zhao, Hongyu},
	year = {2013},
	pmid = {24367376},
	note = {ISBN: 1664-8021 (Print){\textbackslash}r1664-8021 (Linking)},
	keywords = {DNase I hypersensitive site, EQTL, Genome-wide association studies, Non-coding, Prioritization},
	pages = {2009--2014}
}

@article{freedman2011,
	title = {Principles for the post-{GWAS} functional characterization of cancer risk loci},
	volume = {43},
	
	journal = {Nature Genetics},
	author = {Freedman, Matthew L and Monteiro, Alvaro N A and Gayther, Simon A and Coetzee, Gerhard A and Risch, Angela and Plass, Christoph and Casey, Graham and De Biasi, Mariella and Carlson, Chris and Duggan, David and James, Michael and Liu, Pengyuan and Tichelaar, Jay W and Vikis, Haris G and You, Ming and Mills, Ian G},
	month = may,
	year = {2011},
	pages = {513}
}

@article{valencia2002,
	title = {Search and retrieve. {Large}-scale data generation is becoming increasingly important in biological research. {But} how good are the tools to make sense of the data?},
	volume = {3},
	issn = {1469-221X},
	doi = {10.1093/embo-reports/kvf104},
	language = {eng},
	number = {5},
	journal = {EMBO reports},
	author = {Valencia, Alfonso},
	month = may,
	year = {2002},
	pmid = {11991940},
	pmcid = {PMC1084117},
	keywords = {Computational Biology, Databases as Topic, Forecasting, Information Storage and Retrieval, Sequence Alignment},
	pages = {396--400}
}

@article{NAR2019,
	title = {The 26th annual {Nucleic} {Acids} {Research} database issue and {Molecular} {Biology} {Database} {Collection}},
	volume = {47},
	issn = {1362-4962},
	doi = {10.1093/nar/gky1267},
	language = {eng},
	number = {D1},
	journal = {Nucleic Acids Research},
	author = {Rigden, Daniel J. and FernÃ¡ndez, XosÃ© M.},
	month = jan,
	year = {2019},
	pmid = {30626175},
	pmcid = {PMC6323895},
	pages = {D1--D7}
}

@article{Uniprot_funding_2017,
	title = {Funding knowledgebases: {Towards} a sustainable funding model for the {UniProt} use case},
	volume = {6},
	issn = {2046-1402},
	shorttitle = {Funding knowledgebases},
	
	doi = {10.12688/f1000research.12989.1},
	language = {en},
	urldate = {2019-03-24},
	journal = {F1000Research},
	author = {Gabella, Chiara and Durinx, Christine and Appel, Ron},
	month = nov,
	year = {2017},
	pages = {2051},
}

@article{TAIR_sustainable_2016,
	title = {Sustainable funding for biocuration: {The} {Arabidopsis} {Information} {Resource} ({TAIR}) as a case study of a subscription-based funding model},
	volume = {2016},
	issn = {1758-0463},
	shorttitle = {Sustainable funding for biocuration},
	doi = {10.1093/database/baw018},
	language = {eng},
	journal = {Database: The Journal of Biological Databases and Curation},
	author = {Reiser, Leonore and Berardini, Tanya Z. and Li, Donghui and Muller, Robert and Strait, Emily M. and Li, Qian and Mezheritsky, Yarik and Vetushko, Andrey and Huala, Eva},
	year = {2016},
	pmid = {26989150},
	pmcid = {PMC4795935},
	keywords = {Arabidopsis, Data Curation, Databases, Genetic, Models, Theoretical, Research Support as Topic, Software},
}
@article{ICDE2011,
  author = {Sarah Cohen-Boulakia and Ulf Leser},
  title = {Next generation data integration for Life Sciences},
  booktitle = {Proc. of the 25th Int. Conf. on Data Engineering (ICDE), IEEE},
  pages = {1366-1369},
  year = {2011}
}
@article{dils2006,
  editor    = {Ulf Leser and
               Felix Naumann and
               Barbara A. Eckman},
  title     = {Data Integration in the Life Sciences, Third International Workshop,
               {DILS} 2006, Hinxton, UK, July 20-22, 2006, Proceedings},
  series    = {Lecture Notes in Computer Science},
  volume    = {4075},
  publisher = {Springer},
  year      = {2006},
  url       = {https://doi.org/10.1007/11799511},
  doi       = {10.1007/11799511},
  isbn      = {3-540-36593-1}
}
@article{bergman2006,
	title = {Sources and {Classification} of {Semantic} {Heterogeneities}},
	
	language = {English},
	urldate = {2019-03-25},
	journal = {AI3:::Adaptive Information},
	author = {Bergman, Michael K.},
	month = jun,
	year = {2006},
	keywords = {Adaptive Information, Semantic Web},
}

@article{wiederhold1997,
	title = {The {Conceptual} {Basis} for {Mediation} {Services}},
	volume = {12},
	
	number = {5},
	journal = {IEEE Expert},
	author = {Wiederhold, Gio and Genesereth, Michael R.},
	year = {1997},
	pages = {38--47}
}

@article{Wiederhold1995,
	title = {The basis for mediation},
	
	urldate = {2013-02-02},
	journal = {Proc. COOPIS},
	author = {Wiederhold, Gio and Genesereth, Michael R.},
	year = {1995}
}

@article{Halevy2001,
	title = {Answering queries using views: {A} survey},
	urldate = {2013-02-04},
	journal = {The VLDB Journal},
	author = {Halevy, Alon Y.},
	year = {2001}
}

@inproceedings{lenzerini2002,
	title = {Data {Integration}: {A} {Theoretical} {Perspective}},
	
	doi = {10.1145/543613.543644},
	booktitle = {Proceedings of the {Twenty}-first {ACM} {SIGACT}-{SIGMOD}-{SIGART} {Symposium} on {Principles} of {Database} {Systems}, {June} 3-5, {Madison}, {Wisconsin}, {USA}},
	author = {Lenzerini, Maurizio},
	year = {2002},
	pages = {233--246}
}

@article{cohen2010,
	title = {Next {Generation} {Data} {Integration} for the {Life} {Sciences}},
	journal = {ICDE},
	author = {Cohen-Boulakia, Sarah and Leser, Ulf},
	year = {2010}
}

@article{entrez,
	title = {Entrez : {The} {NCBI} {Search} and {Discovery} {Engine}},
	author = {Ostell, James M},
	year = {2012},
	keywords = {entrez, genbank, ncbi, pubmed},
	pages = {1--4}
}

@article{biowarehouse,
	title = {{BioWarehouse} : {Relational} {Integration} of {Eleven} {Bioinformatics} {Databases} and {Formats}},
	author = {Karp, Peter D and Lee, Thomas J and Wagner, Valerie},
	year = {2008},
	pages = {5--7}
}

@article{discoverylink,
	title = {{DiscoveryLink}: a system for integrated access to life sciences data sources},
	volume = {40},
	issn = {0018-8670},
	number = {2},
	journal = {IBM Syst. J.},
	author = {Haas, L. M. and Schwarz, P. M. and Kodali, P. and Kotlar, E. and Rice, J. E. and Swope, W. C.},
	year = {2001},
	pages = {489--511}
}
@article{k2kleisli,
	title = {K2Kleisli and {GUS}: {Experiments} in {Integrated} {Access} to {Genomic} {Data} {Sources}},
	volume = {40},
	
	number = {2},
	journal = {IBM Systems Journal},
	author = {Davidson, Susan B. and Crabtree, Jonathan and Brunk, Brian and Schug, Jonathan and Tannen, Val and Overton, Chris and Stoeckert, Chris},
	year = {2001},
	pages = {512--31}
}

@article{tambis,
	title = {{TAMBIS}: transparent access to multiple bioinformatics information sources.},
	volume = {16},
	number = {2},
	journal = {Bioinformatics},
	author = {Stevens, R. and Baker, P. and Bechhofer, S. and Ng, G. and Jacoby, A. and Paton, N. W. and Goble, C. A. and Brass, A.},
	month = feb,
	year = {2000},
	keywords = {Computational Biology- Information Storage and Ret, Non-U.S. Gov't- Software},
	pages = {184--185}
}

@article{srs,
	title = {{SRS}: information retrieval system for molecular biology data banks.},
	volume = {266},
	journal = {Methods Enzymol},
	author = {Etzold, T. and Ulyanov, A. and Argos, P.},
	year = {1996},
	pages = {114--28}
}

@article{columba,
	title = {Columba: an integrated database of proteins, structures, and annotations.},
	volume = {6},
	
	doi = {10.1186/1471-2105-6-81},
	journal = {BMC Bioinformatics},
	author = {Trissl, Silke and Rother, Kristian and Mï¿½ller, Heiko and Steinke, Thomas and Koch, Ina and Preissner, Robert and Frï¿½mmel, Cornelius and Leser, Ulf},
	year = {2005},
	pages = {81}
}

@article{atlas,
	title = {Atlas - a data warehouse for integrative bioinformatics.},
	volume = {6},
	
	doi = {10.1186/1471-2105-6-34},
	journal = {BMC Bioinformatics},
	author = {Shah, Sohrab P and Huang, Yong and Xu, Tao and Yuen, Macaire M S and Ling, John and Ouellette, B. F Francis},
	year = {2005},
	pages = {34}
}

@article{Taubert2014,
	title = {Ondex {Web}: {Web}-based visualization and exploration of heterogeneous biological networks},
	volume = {30},
	issn = {14602059},
	doi = {10.1093/bioinformatics/btt740},
	number = {7},
	journal = {Bioinformatics},
	author = {Taubert, Jan and Hassani-Pak, Keywan and Castells-Brooke, Nathalie and Rawlings, Christopher J.},
	year = {2014},
	pmid = {24363379},
	pages = {1034--1035}
}

@article{ondex_2011,
	title = {{ONDEX} - a data integration framework for the life sciences},
	
	language = {eng},
	urldate = {2019-03-26},
	author = {Taubert, Jan},
	year = {2011},
	}

@article{ondex_2006,
	title = {Graph-based analysis and visualization of experimental results with {ONDEX}},
	volume = {22},
	issn = {1367-4803},
	
	doi = {10.1093/bioinformatics/btl081},
	language = {en},
	number = {11},
	urldate = {2019-03-26},
	journal = {Bioinformatics},
	author = {KÃ¶hler, Jacob and Baumbach, Jan and Taubert, Jan and Specht, Michael and Skusa, Andre and RÃ¼egg, Alexander and Rawlings, Chris and Verrier, Paul and Philippi, Stephan},
	month = jun,
	year = {2006},
	pages = {1383--1390},
}

@article{tripal_2011,
	title = {Tripal: a construction toolkit for online genome databases},
	volume = {2011},
	issn = {1758-0463},
	
	doi = {10.1093/database/bar044},
	number = {0},
	urldate = {2018-05-21},
	journal = {Database},
	author = {Ficklin, S. P. and Sanderson, L.-A. and Cheng, C.-H. and Staton, M. E. and Lee, T. and Cho, I.-H. and Jung, S. and Bett, K. E. and Main, D.},
	month = sep,
	year = {2011},
	pmid = {21959868},
	pages = {bar044--bar044}
}

@article{tripal_2013,
	title = {Tripal v1.1: a standards-based toolkit for construction of online genetic and genomic databases},
	volume = {2013},
	issn = {1758-0463},
	
	doi = {10.1093/database/bat075},
	number = {0},
	urldate = {2018-05-21},
	journal = {Database},
	author = {Sanderson, L.-A. and Ficklin, S. P. and Cheng, C.-H. and Jung, S. and Feltus, F. A. and Bett, K. E. and Main, D.},
	month = oct,
	year = {2013},
	pmid = {24163125},
	pages = {bat075--bat075}
}

@article{tripal_2018,
	title = {Tripal {Developer} {Toolkit}},
	volume = {2018},
	issn = {1758-0463},
	doi = {10.1093/database/bay099},
	language = {eng},
	journal = {Database: The Journal of Biological Databases and Curation},
	author = {Condon, Bradford and Almsaeed, Abdullah and Chen, Ming and West, Joe and Staton, Margaret},
	year = {2018},
	pmid = {30295719},
	pmcid = {PMC6147213},
	keywords = {Databases, Genetic, Humans, Software, Vocabulary}
}

@article{chado_2006,
	title = {Using {Chado} to store genome annotation data},
	volume = {Chapter 9},
	issn = {1934-340X},
	
	doi = {10.1002/0471250953.bi0906s12},
	urldate = {2010-04-01},
	journal = {Current Protocols in Bioinformatics / Editoral Board, Andreas D. Baxevanis ... [et Al},
	author = {Zhou, Pinglei and Emmert, David and Zhang, Peili},
	month = jan,
	year = {2006},
	pmid = {18428772},
	pages = {Unit 9.6}
}

@article{biomart2009,
	title = {{BioMart} â€“ biological queries made easy},
	volume = {10},
	issn = {1471-2164},
	
	doi = {10.1186/1471-2164-10-22},
	number = {1},
	journal = {BMC Genomics},
	author = {Smedley, Damian and Haider, Syed and Ballester, Benoit and Holland, Richard and London, Darin and Thorisson, Gudmundur and Kasprzyk, Arek},
	year = {2009},
	pmid = {19144180},
	note = {ISBN: 1471-2164 (Electronic){\textbackslash}r1471-2164 (Linking)},
	pages = {22}
}

@article{intermine_2012,
	title = {{InterMine}: a flexible data warehouse system for the integration and analysis of heterogeneous biological data.},
	volume = {28},
	issn = {1367-4811},
	doi = {10.1093/bioinformatics/bts577},
	number = {23},
	journal = {Bioinformatics (Oxford, England)},
	author = {Smith, Richard N and Aleksic, Jelena and Butano, Daniela and Carr, Adrian and Contrino, Sergio and Hu, Fengyuan and Lyne, Mike and Lyne, Rachel and Kalderimis, Alex and Rutherford, Kim and Stepan, Radek and Sullivan, Julie and Wakeling, Matthew and Watkins, Xavier and Micklem, Gos},
	month = dec,
	year = {2012},
	pmid = {23023984},
	note = {Publisher: Oxford University Press},
	pages = {3163--5}
}

@article{biozon2006,
	title = {{BIOZON}: a system for unification, management and analysis of heterogeneous biological data.},
	volume = {7},
	issn = {1471-2105},
	
	doi = {10.1186/1471-2105-7-70},
	urldate = {2014-04-10},
	journal = {BMC bioinformatics},
	author = {Birkland, Aaron and Yona, Golan},
	month = jan,
	year = {2006},
	pmid = {16480510},
	pages = {70}
}

@article{biodwh,
	title = {{BioDWH}: a data warehouse kit for life science data integration},
	volume = {5},
	issn = {1613-4516},
	shorttitle = {{BioDWH}},
	doi = {10.2390/biecoll-jib-2008-93},
	language = {eng},
	number = {2},
	journal = {Journal of Integrative Bioinformatics},
	author = {TÃ¶pel, Thoralf and Kormeier, Benjamin and Klassen, Andreas and HofestÃ¤dt, Ralf},
	month = aug,
	year = {2008},
	pmid = {20134070}
}

@article{Grolinger2013,
	title = {Data management in cloud environments: {NoSQL} and {NewSQL} data stores},
	volume = {2},
	issn = {2192-113X},
	
	doi = {10.1186/2192-113X-2-22},
	number = {1},
	journal = {Journal of Cloud Computing: Advances, Systems and Applications},
	author = {Grolinger, Katarina and Higashino, Wilson a and Tiwari, Abhinav and Capretz, Miriam Am},
	year = {2013},
	pages = {22}
}

@article{MoniruzzamanH13,
	title = {{NoSQL} {Database}: {New} {Era} of {Databases} for {Big} data {Analytics} - {Classification}, {Characteristics} and {Comparison}},
	volume = {abs/1307.0},
	issn = {2005-4270},
	number = {4},
	journal = {CoRR},
	author = {Moniruzzaman, A B M and Hossain, Syed Akhter},
	year = {2013},
	note = {arXiv: 1307.0191
    ISBN: 2005-4270},
	pages = {1--14}
}

@article{Aniceto2015,
	title = {Evaluating the {Cassandra} {NoSQL} {Database} {Approach} for {Genomic} {Data} {Persistency}},
	volume = {2015},
	issn = {2314-436X},
	doi = {10.1155/2015/502795},
	journal = {International  â€¦},
	author = {Aniceto, R and Xavier, R},
	year = {2015}
}

@article{Gabetta2015,
	title = {{BigQ}: a {NoSQL} based framework to handle genomic variants in i2b2},
	volume = {16},
	issn = {1471-2105},
	
	doi = {10.1186/s12859-015-0861-0},
	journal = {BMC Bioinformatics},
	author = {Gabetta, Matteo and Limongelli, Ivan and Rizzo, Ettore and Riva, Alberto and Segagni, Daniele and Bellazzi, Riccardo},
	year = {2015},
	note = {Publisher: BMC Bioinformatics},
	keywords = {nosql, VCF, couchdb, CouchDB, i2b2, ngs, NGS, NoSql, NoSQL, SNP, SV, variants, Variants},
	pages = {415}
}
@article{Manyam2012,
	title = {Relax with {CouchDB} - {Into} the non-relational {DBMS} era of bioinformatics.},
	volume = {100},
	issn = {1089-8646},
	
	doi = {10.1016/j.ygeno.2012.05.006},
	number = {1},
	urldate = {2012-06-05},
	journal = {Genomics},
	author = {Manyam, Ganiraju and Payton, Michelle a and Roth, Jack a and Abruzzo, Lynne V and Coombes, Kevin R},
	month = may,
	year = {2012},
	pmid = {22609849},
	note = {Publisher: Elsevier Inc.},
	keywords = {Copy number variation, Data integration, DATABASE, Drugâ€“target interaction, NOSQL, NoSQL database},
	pages = {1--7}
}
@article{Schumacher2014,
	title = {{SeqPig}: {Simple} and scalable scripting for large sequencing data sets in hadoop},
	volume = {30},
	issn = {13674803},
	doi = {10.1093/bioinformatics/btt601},
	number = {1},
	journal = {Bioinformatics},
	author = {Schumacher, AndrÃ© and Pireddu, Luca and Niemenmaa, Matti and Kallio, Aleksi and Korpelainen, Eija and Zanetti, Gianluigi and Heljanko, Keijo},
	year = {2014},
	pmid = {24149054},
	note = {arXiv: 1307.2331
	ISBN: 1367-4811 (Electronic){\textbackslash}r1367-4803 (Linking)},
	pages = {119--120}
}

@article{Nordberg2013,
	title = {{BioPig}: {A} {Hadoop}-based analytic toolkit for large-scale sequence data},
	volume = {29},
	issn = {13674803},
	doi = {10.1093/bioinformatics/btt528},
	number = {23},
	journal = {Bioinformatics},
	author = {Nordberg, Henrik and Bhatia, Karan and Wang, Kai and Wang, Zhong},
	year = {2013},
	pmid = {24021384},
	note = {ISBN: 1367-4811 (Electronic)},
	pages = {3014--3019}
}

@article{Taylor2010,
	title = {An overview of the {Hadoop}/{MapReduce}/{HBase} framework and its current applications in bioinformatics},
	volume = {11},
	issn = {1471-2105},
	
	doi = {10.1186/1471-2105-11-S12-S1},
	number = {Suppl 12},
	journal = {BMC Bioinformatics},
	author = {Taylor, Ronald C},
	year = {2010},
	pages = {S1}
}

@article{scheben2018,
	title = {Progress in single-access information systems for wheat and rice crop improvement},
	
	doi = {10.1093/bib/bby016},
	abstract = {Abstract.  Improving productivity of the staple crops wheat and rice is essential to feed the growing global population, particularly in the context of a changi},
	language = {en},
	urldate = {2019-03-28},
	journal = {Briefings in Bioinformatics},
	author = {Scheben, Armin and Chan, Chon-Kit Kenneth and Mansueto, Locedie and Mauleon, Ramil and Larmande, Pierre and Alexandrov, Nickolai and Wing, Rod A. and McNally, Kenneth L. and Quesneville, Hadi and Edwards, David},
	year = {2018}
}

@inproceedings{do2018,
	address = {Hanoi, Vietnam},
	title = {Comparative study of {Named}-{Entity} {Recognition} methods in the agronomical domain},
	
	urldate = {2019-03-28},
	booktitle = {{CiCling}},
	author = {Do, Huy and Tran, Hanh and Khoat Than, Quang and Larmande, Pierre},
	month = mar,
	year = {2018},
	keywords = {Bioinformatics, LSTM-CRF, NER, Plant Genomics, Text mining},
	}

@article{harper2018,
	title = {{AgBioData} consortium recommendations for sustainable genomics and genetics databases for agriculture},
	volume = {2018},
	
	doi = {10.1093/database/bay088},
	language = {en},
	urldate = {2019-03-28},
	journal = {Database},
	author = {Harper, Lisa and Campbell, Jacqueline and Cannon, Ethalinda K. S. and Jung, Sook and Poelchau, Monica and Walls, Ramona and Andorf, Carson and Arnaud, Elizabeth and Berardini, Tanya Z. and Birkett, Clayton and Cannon, Steve and Carson, James and Condon, Bradford and Cooper, Laurel and Dunn, Nathan and Elsik, Christine G. and Farmer, Andrew and Ficklin, Stephen P. and Grant, David and Grau, Emily and Herndon, Nic and Hu, Zhi-Liang and Humann, Jodi and Jaiswal, Pankaj and Jonquet, Clement and Laporte, Marie-AngÃ©lique and Larmande, Pierre and Lazo, Gerard and McCarthy, Fiona and Menda, Naama and Mungall, Christopher J. and Munoz-Torres, Monica C. and Naithani, Sushma and Nelson, Rex and Nesdill, Daureen and Park, Carissa and Reecy, James and Reiser, Leonore and Sanderson, Lacey-Anne and Sen, Taner Z. and Staton, Margaret and Subramaniam, Sabarinath and Tello-Ruiz, Marcela Karey and Unda, Victor and Unni, Deepak and Wang, Liya and Ware, Doreen and Wegrzyn, Jill and Williams, Jason and Woodhouse, Margaret and Yu, Jing and Main, Doreen},
	month = jan,
	year = {2018},
	}

@article{jonquet2018,
	title = {{AgroPortal}: {A} vocabulary and ontology repository for agronomy},
	volume = {144},
	issn = {0168-1699},
	shorttitle = {{AgroPortal}},
	
	doi = {10.1016/j.compag.2017.10.012},
	urldate = {2019-03-28},
	journal = {Computers and Electronics in Agriculture},
	author = {Jonquet, ClÃ©ment and Toulet, Anne and Arnaud, Elizabeth and Aubin, Sophie and DzalÃ© Yeumo, Esther and Emonet, Vincent and Graybeal, John and Laporte, Marie-AngÃ©lique and Musen, Mark A. and Pesce, Valeria and Larmande, Pierre},
	month = jan,
	year = {2018},
	pages = {126--143},
	}

@article{benchmarking2019,
	title = {Benchmarking {Database} {Systems} for {Genomic} {Selection} {Implementation}},
	
	doi = {10.1101/519017},
	journal = {bioRxiv},
	author = {Nti-Addae, Yaw and Matthews, Dave and Ulat, Victor Jun and Syed, Raza and Sempere, Guilhem and Petel, Adrien and Renner, Jon and Larmande, Pierre and Guignon, Valentin and Jones, Elizabeth and Robbins, Kelly},
	month = jan,
	year = {2019},
	pages = {519017}
}

@article{venkatesan2018,
	title = {Agronomic {Linked} {Data} ({AgroLD}): {A} knowledge-based system to enable integrative biology in agronomy},
	volume = {13},
	
	doi = {10.1371/journal.pone.0198270},
	number = {11},
	journal = {PLOS ONE},
	author = {Venkatesan, Aravind and Tagny Ngompe, Gildas and Hassouni, Nordine El and Chentli, Imene and Guignon, Valentin and Jonquet, Clement and Ruiz, Manuel and Larmande, Pierre},
	year = {2018},
	pages = {1--17}
}

@article{brapi2019,
	title = {{BrAPI} - an {Application} {Programming} {Interface} for {Plant} {Breeding} {Applications}},
	
	doi = {10.1093/bioinformatics/btz190},
	urldate = {2019-03-28},
	author = {Abbeloos, Rafael and Vasques Costa, Bruno and Edwards, Jeremy D and Papoutsoglou, Evangelia and Finkers, Richard and Verouden, Maikel and Robbins, Kelly and Selby, Peter and Glaser, Philip and Sun, Qi and Gao, Star Yanxin and Laporte, Marie-AngÃ©lique and Rouard, Mathieu and Guignon, Valentin and Kilian, Andrzej and Pearce, Brian and Uszynski, Grzegorz and Hok, Puthick and Larmande, Pierre and LeBauer, David and Marshall, David and Stephen, Gordon and Milne, Iain and Shaw, Paul and Raubach, Sebastian and Mistry, Naymesh and Backlund, Jan Erik and Tovar, Clarysabel and Soldevilla, Nahuel and Neveu, Pascal and Ramirez-Gonzalez, Ricardo H and Rathore, Abhishek and Sarma, Chaitanya and Rife, Trevor and Simon, Reinhard and Basterrechea Salido, Martin and Lange, Matthias and Ghaffar, Mehmood and KÃ¶nig, Patrick and Scholz, Uwe and Lyon, David and Bauchet, Guillaume and Morales, Nicolas and Mueller, Lukas and Perez-Masias, Ivan and Benites-Alfaro, Omar and Birkett, Clay and Matthews, Dave and Raque, Angel M and Lagare, Jack Elendil B and Calaminos, Viana C and SempÃ©rÃ©, Guilhem and Carceller, Pierre and Pommier, Cyril and Cornut, Guillaume},
	month = mar,
	year = {2019}
}

@article{cohen-boulakia2017,
	title = {Scientific workflows for computational reproducibility in the life sciences: {Status}, challenges and opportunities},
	volume = {75},
	issn = {0167-739X},
	
	doi = {10.1016/j.future.2017.01.012},
	journal = {Future Generation Computer Systems},
	author = {Cohen-Boulakia, Sarah and Belhajjame, Khalid and Collin, Olivier and Chopard, JÃ©rÃ´me and Froidevaux, Christine and Gaignard, Alban and Hinsen, Konrad and Larmande, Pierre and Bras, Yvan Le and Lemoine, FrÃ©dÃ©ric and Mareuil, Fabien and MÃ©nager, HervÃ© and Pradal, Christophe and Blanchet, Christophe},
	month = oct,
	year = {2017},
	pages = {284--298}
}

@article{cubry2018,
	title = {The {Rise} and {Fall} of {African} {Rice} {Cultivation} {Revealed} by {Analysis} of 246 {New} {Genomes}},
	volume = {28},
	issn = {0960-9822},
	
	doi = {10.1016/j.cub.2018.05.066},
	number = {14},
	journal = {Current Biology},
	author = {Cubry, Philippe and Tranchant-Dubreuil, Christine and Thuillet, Anne-CÃ©line and Monat, CÃ©cile and Ndjiondjop, Marie-Noelle and Labadie, Karine and Cruaud, Corinne and Engelen, Stefan and Scarcelli, Nora and RhonÃ©, BÃ©nÃ©dicte and Burgarella, Concetta and Dupuy, Christian and Larmande, Pierre and Wincker, Patrick and FranÃ§ois, Olivier and Sabot, FranÃ§ois and Vigouroux, Yves},
	month = jul,
	year = {2018},
	pages = {2274--2282.e6}
}
@article{Boyle2004,
	title = {{GO}::{TermFinder}--open source software for accessing {Gene} {Ontology} information and finding significantly enriched {Gene} {Ontology} terms associated with a list of genes.},
	volume = {20},
	issn = {1367-4803},
	
	doi = {10.1093/bioinformatics/bth456},
	number = {18},
	urldate = {2012-03-09},
	journal = {Bioinformatics (Oxford, England)},
	author = {Boyle, Elizabeth I and Weng, Shuai and Gollub, Jeremy and Jin, Heng and Botstein, David and Cherry, J Michael and Sherlock, Gavin},
	month = dec,
	year = {2004},
	pmid = {15297299},
	pages = {3710--5}
}

@article{Sheehan2008,
	title = {A relation based measure of semantic similarity for {Gene} {Ontology} annotations.},
	volume = {9},
	issn = {1471-2105},
	
	doi = {10.1186/1471-2105-9-468},
	urldate = {2012-06-29},
	journal = {BMC bioinformatics},
	author = {Sheehan, Brendan and Quigley, Aaron and Gaudin, Benoit and Dobson, Simon},
	month = jan,
	year = {2008},
	pmid = {18983678},
	pages = {468}
}

@misc{topgo2016,
	title = {{topGO}: {Enrichment} {Analysis} for {Gene} {Ontology}.},
	
	urldate = {2017-01-13},
	author = {Alexa, A and Rahnenfuhrer, J},
	year = {2016}
}

@article{blake2013,
	title = {Gene ontology annotations and resources},
	volume = {41},
	issn = {03051048},
	doi = {10.1093/nar/gks1050},
	number = {D1},
	journal = {Nucleic Acids Research},
	author = {Blake, J. A. and Dolan, M. and Drabkin, H. and Hill, D. P. and Ni, Li and Sitnikov, D. and Bridges, S. and Burgess, S. and Buza, T. and McCarthy, F. and Peddinti, D. and Pillai, L. and Carbon, S. and Dietze, H. and Ireland, A. and Lewis, S. E. and Mungall, C. J. and Gaudet, P. and Chisholm, R. L. and Fey, P. and Kibbe, W. A. and Basu, S. and Siegele, D. A. and McIntosh, B. K. and Renfro, D. P. and Zweifel, A. E. and Hu, J. C. and Brown, N. H. and Tweedie, S. and Alam-Faruque, Y. and Apweiler, R. and Auchinchloss, A. and Axelsen, K. and Bely, B. and Blatter, M. C. and Bonilla, C. and Bougueleret, L. and Boutet, E. and Breuza, L. and Bridge, A. and Chan, W. M. and Chavali, G. and Coudert, E. and Dimmer, E. and Estreicher, A. and Famiglietti, L. and Feuermann, M. and Gos, A. and Gruaz-Gumowski, N. and Hieta, R. and Hinz, U. and Hulo, C. and Huntley, R. and James, J. and Jungo, F. and Keller, G. and Laiho, K. and Legge, D. and Lemercier, P. and Lieberherr, D. and Magrane, M. and Martin, M. J. and Masson, P. and Mutowo-Muellenet, P. and O'Donovan, C. and Pedruzzi, I. and Pichler, K. and Poggioli, D. and Porras Millan, P. and Poux, S. and Rivoire, C. and Roechert, B. and Sawford, T. and Schneider, M. and Stutz, A. and Sundaram, S. and Tognolli, M. and Xenarios, I. and Foulger, R. and Lomax, J. and Roncaglia, P. and Khodiyar, V. K. and Lovering, R. C. and Talmud, P. J. and Chibucos, M. and Gwinn Giglio, M. and Chang, H. Y. and Hunter, S. and McAnulla, C. and Mitchell, A. and Sangrador, A. and Stephan, R. and Harris, M. A. and Oliver, S. G. and Rutherford, K. and Wood, V. and Bahler, J. and Lock, A. and Kersey, P. J. and McDowall, M. D. and Staines, D. M. and Dwinell, M. and Shimoyama, M. and Laulederkind, S. and Hayman, T. and Wang, S. J. and Petri, V. and Lowry, T. and D'Eustachio, P. and Matthews, L. and Balakrishnan, R. and Binkley, G. and Cherry, J. M. and Costanzo, M. C. and Dwight, S. S. and Engel, S. R. and Fisk, D. G. and Hitz, B. C. and Hong, E. L. and Karra, K. and Miyasato, S. R. and Nash, R. S. and Park, J. and Skrzypek, M. S. and Weng, S. and Wong, E. D. and Berardini, T. Z. and Li, D. and Huala, E. and Mi, H. and Thomas, P. D. and Chan, J. and Kishore, R. and Sternberg, P. and Van Auken, K. and Howe, D. and Westerfield, M.},
	year = {2013},
	pmid = {23161678},
	note = {ISBN: 1362-4962 (Linking)}
}

@inproceedings{corese,
	title = {Querying the {Semantic} {Web} with {Corese} {Search} {Engine}.},
	booktitle = {Proceedings of the 16th {Eureopean} {Conference} on {Artificial} {Intelligence}, {ECAI}'2004, including {Prestigious} {Applicants} of {Intelligent} {Systems}, {PAIS} 2004, {Valencia}, {Spain}, {August} 22-27, 2004},
	author = {Corby, Olivier and Dieng-Kuntz, Rose and Faron-Zucker, Catherine},
	year = {2004},
	pages = {705--709}
}

@article{genedistiller,
	title = {{GeneDistiller}--distilling candidate genes from linkage intervals},
	volume = {3},
	issn = {1932-6203},
	
	doi = {10.1371/journal.pone.0003874},
	language = {eng},
	number = {12},
	journal = {PloS one},
	author = {Seelow, Dominik and Schwarz, Jana Marie and Schuelke, Markus},
	month = dec,
	year = {2008},
	pages = {e3874--e3874}
}

@article{biofilter2009,
	title = {Biofilter: a knowledge-integration system for the multi-locus analysis of genome-wide association studies},
	issn = {2335-6928},
	
	language = {eng},
	journal = {Pacific Symposium on Biocomputing. Pacific Symposium on Biocomputing},
	author = {Bush, William S and Dudek, Scott M and Ritchie, Marylyn D},
	year = {2009},
	pages = {368--379}
}

@article{deo2014,
	title = {Prioritizing causal disease genes using unbiased genomic features},
	volume = {15},
	issn = {1474-760X},
	
	doi = {10.1186/s13059-014-0534-8},
	language = {eng},
	number = {12},
	journal = {Genome biology},
	author = {Deo, Rahul C and Musso, Gabriel and Tasan, Murat and Tang, Paul and Poon, Annie and Yuan, Christiana and Felix, Janine F and Vasan, Ramachandran S and Beroukhim, Rameen and De Marco, Teresa and Kwok, Pui-Yan and MacRae, Calum A and Roth, Frederick P},
	month = dec,
	year = {2014},
	pages = {534--534}
}

@article{mordelet2011,
	title = {{ProDiGe}: {Prioritization} {Of} {Disease} {Genes} with multitask machine learning from positive and unlabeled examples},
	volume = {12},
	issn = {1471-2105},
	
	doi = {10.1186/1471-2105-12-389},
	language = {eng},
	journal = {BMC bioinformatics},
	author = {Mordelet, Fantine and Vert, Jean-Philippe},
	month = oct,
	year = {2011},
	pages = {389--389}
}

@article{onto2vec2018,
	title = {Onto2Vec: joint vector-based representation of biological entities and their ontology-based annotations},
	volume = {34},
	issn = {1367-4803},
	
	doi = {10.1093/bioinformatics/bty259},
	number = {13},
	urldate = {2019-04-06},
	journal = {Bioinformatics},
	author = {Smaili, Fatima Zohra and Hoehndorf, Robert and Gao, Xin},
	month = jun,
	year = {2018},
	pages = {i52--i60}
}

@article{opa2vec2018,
	title = {{OPA}2Vec: combining formal and informal content of biomedical ontologies to improve similarity-based prediction},
	
	doi = {10.1093/bioinformatics/bty933},
	urldate = {2019-04-06},
	author = {Smaili, Fatima Zohra and Hoehndorf, Robert and Gao, Xin},
	month = nov,
	year = {2018}
}

@article{aerts2006,
	title = {Gene prioritization through genomic data fusion},
	volume = {24},
	
	journal = {Nature Biotechnology},
	author = {Aerts, Stein and Lambrechts, Diether and Maity, Sunit and Van Loo, Peter and Coessens, Bert and De Smet, Frederik and Tranchevent, Leon-Charles and De Moor, Bart and Marynen, Peter and Hassan, Bassem and Carmeliet, Peter and Moreau, Yves},
	month = may,
	year = {2006},
	pages = {537}
}

@article{tranchevent2007,
	title = {Kernel-based data fusion for gene prioritization},
	volume = {23},
	issn = {1367-4803},
	
	doi = {10.1093/bioinformatics/btm187},
	number = {13},
	urldate = {2019-04-06},
	journal = {Bioinformatics},
	author = {Tranchevent, LÃ©on-Charles and van Oeffelen, Liesbeth M. M. and De Bie, Tijl and Moreau, Yves},
	month = jul,
	year = {2007},
	pages = {i125--i132}
}

@article{chen2009,
	title = {{ToppGene} {Suite} for gene list enrichment analysis and candidate gene prioritization},
	volume = {37},
	issn = {1362-4962},
	
	doi = {10.1093/nar/gkp427},
	language = {eng},
	number = {Web Server issue},
	journal = {Nucleic acids research},
	author = {Chen, Jing and Bardes, Eric E and Aronow, Bruce J and Jegga, Anil G},
	month = jul,
	year = {2009},
	pages = {W305--W311}
}

@article{li2010,
	title = {Integration of multiple data sources to prioritize candidate genes using discounted rating system},
	volume = {11 Suppl 1},
	issn = {1471-2105},
	
	doi = {10.1186/1471-2105-11-S1-S20},
	language = {eng},
	number = {Suppl 1},
	journal = {BMC bioinformatics},
	author = {Li, Yongjin and Patra, Jagdish C},
	month = jan,
	year = {2010},
	pages = {S20--S20}
}

@article{zitnik2015,
	title = {Gene {Prioritization} by {Compressive} {Data} {Fusion} and {Chaining}},
	volume = {11},
	issn = {1553-7358},
	
	doi = {10.1371/journal.pcbi.1004552},
	language = {eng},
	number = {10},
	journal = {PLoS computational biology},
	author = {Å½itnik, Marinka and Nam, Edward A and Dinh, Christopher and Kuspa, Adam and Shaulsky, Gad and Zupan, BlaÅ¾},
	month = oct,
	year = {2015},
	pages = {e1004552--e1004552}
}

@article{yu2011,
	title = {Network-based methods for human disease gene prediction},
	volume = {10},
	issn = {2041-2649},
	
	doi = {10.1093/bfgp/elr024},
	number = {5},
	urldate = {2019-04-06},
	journal = {Briefings in Functional Genomics},
	author = {Yu, Haiyuan and Gulbahce, Natali and Wang, Xiujuan},
	month = jul,
	year = {2011},
	pages = {280--293}
}

@article{lee2011,
	title = {Prioritizing candidate disease genes by network-based boosting of genome-wide association data},
	volume = {21},
	issn = {1549-5469},
	
	doi = {10.1101/gr.118992.110},
	language = {eng},
	number = {7},
	journal = {Genome research},
	author = {Lee, Insuk and Blom, U Martin and Wang, Peggy I and Shim, Jung Eun and Marcotte, Edward M},
	month = jul,
	year = {2011},
	pages = {1109--1121}
}

@article{li2012,
	title = {Disease gene identification by random walk on multigraphs merging heterogeneous genomic and phenotype data},
	volume = {13 Suppl 7},
	issn = {1471-2164},
	
	doi = {10.1186/1471-2164-13-S7-S27},
	language = {eng},
	number = {Suppl 7},
	journal = {BMC genomics},
	author = {Li, Yongjin and Li, Jinyan},
	month = dec,
	year = {2012},
	pages = {S27--S27}
}

@article{kacprowski2013,
	title = {{NetworkPrioritizer}: a versatile tool for network-based prioritization of candidate disease genes or other molecules},
	volume = {29},
	issn = {1367-4811},
	
	doi = {10.1093/bioinformatics/btt164},
	language = {eng},
	number = {11},
	journal = {Bioinformatics (Oxford, England)},
	author = {Kacprowski, Tim and Doncheva, Nadezhda T and Albrecht, Mario},
	month = jun,
	year = {2013},
	pages = {1471--1473}
}

@article{singh-blom2013,
	title = {Prediction and validation of gene-disease associations using methods inspired by social network analyses},
	volume = {8},
	issn = {1932-6203},
	
	doi = {10.1371/journal.pone.0058977},
	language = {eng},
	number = {5},
	journal = {PloS one},
	author = {Singh-Blom, U Martin and Natarajan, Nagarajan and Tewari, Ambuj and Woods, John O and Dhillon, Inderjit S and Marcotte, Edward M},
	month = may,
	year = {2013},
	pages = {e58977--e58977}
}

@article{rao2018,
	title = {Phenotype-driven gene prioritization for rare diseases using graph convolution on heterogeneous networks},
	volume = {11},
	issn = {1755-8794},
	
	doi = {10.1186/s12920-018-0372-8},
	language = {eng},
	number = {1},
	journal = {BMC medical genomics},
	author = {Rao, Aditya and Vg, Saipradeep and Joseph, Thomas and Kotte, Sujatha and Sivadasan, Naveen and Srinivasan, Rajgopal},
	month = jul,
	year = {2018},
	pages = {57--57}
}
@article{zakeri2018,
	title = {Gene prioritization using {Bayesian} matrix factorization with genomic and phenotypic side information},
	volume = {34},
	issn = {1367-4811},
	
	doi = {10.1093/bioinformatics/bty289},
	language = {eng},
	number = {13},
	journal = {Bioinformatics (Oxford, England)},
	author = {Zakeri, Pooya and Simm, Jaak and Arany, Adam and ElShal, Sarah and Moreau, Yves},
	month = jul,
	year = {2018},
	pages = {i447--i456}
}

@article{farnoud2014,
	title = {{HyDRA}: gene prioritization via hybrid distance-score rank aggregation},
	volume = {31},
	issn = {1367-4803},
	
	doi = {10.1093/bioinformatics/btu766},
	number = {7},
	urldate = {2019-04-06},
	journal = {Bioinformatics},
	author = {Farnoud, Farzad and Kim, Minji and Milenkovic, Olgica},
	month = nov,
	year = {2014},
	pages = {1034--1043}
}

@article{kumar2018,
	title = {{pBRIT}: gene prioritization by correlating functional and phenotypic annotations through integrative data fusion},
	volume = {34},
	issn = {1367-4811},
	
	doi = {10.1093/bioinformatics/bty079},
	language = {eng},
	number = {13},
	journal = {Bioinformatics (Oxford, England)},
	author = {Kumar, Ajay Anand and Van Laer, Lut and Alaerts, Maaike and Ardeshirdavani, Amin and Moreau, Yves and Laukens, Kris and Loeys, Bart and Vandeweyer, Geert},
	month = jul,
	year = {2018},
	pages = {2254--2262}
}

@article{natarajan2014,
	title = {Inductive matrix completion for predicting gene-disease associations},
	volume = {30},
	issn = {1367-4811},
	
	doi = {10.1093/bioinformatics/btu269},
	language = {eng},
	number = {12},
	journal = {Bioinformatics (Oxford, England)},
	author = {Natarajan, Nagarajan and Dhillon, Inderjit S},
	month = jun,
	year = {2014},
	pages = {i60--i68}
}

@article{zakeri2018,
	title = {Gene prioritization using {Bayesian} matrix factorization with genomic and phenotypic side information},
	volume = {34},
	issn = {1367-4811},
	
	doi = {10.1093/bioinformatics/bty289},
	language = {eng},
	number = {13},
	journal = {Bioinformatics (Oxford, England)},
	author = {Zakeri, Pooya and Simm, Jaak and Arany, Adam and ElShal, Sarah and Moreau, Yves},
	month = jul,
	year = {2018},
	pages = {i447--i456}
}

@article{zitnik2018,
	title = {Modeling polypharmacy side effects with graph convolutional networks},
	volume = {34},
	issn = {1367-4811},
	
	doi = {10.1093/bioinformatics/bty294},
	language = {eng},
	number = {13},
	journal = {Bioinformatics (Oxford, England)},
	author = {Zitnik, Marinka and Agrawal, Monica and Leskovec, Jure},
	month = jul,
	year = {2018},
	pages = {i457--i466}
}

@article{li2018,
	title = {{DEEPre}: sequence-based enzyme {EC} number prediction by deep learning},
	volume = {34},
	issn = {1367-4811},
	
	doi = {10.1093/bioinformatics/btx680},
	language = {eng},
	number = {5},
	journal = {Bioinformatics (Oxford, England)},
	author = {Li, Yu and Wang, Sheng and Umarov, Ramzan and Xie, Bingqing and Fan, Ming and Li, Lihua and Gao, Xin},
	month = mar,
	year = {2018},
	pages = {760--769}
}

@article{sequence2vec2017,
	title = {Sequence2Vec: a novel embedding approach for modeling transcription factor binding affinity landscape},
	volume = {33},
	issn = {1367-4811},
	
	doi = {10.1093/bioinformatics/btx480},
	language = {eng},
	number = {22},
	journal = {Bioinformatics (Oxford, England)},
	author = {Dai, Hanjun and Umarov, Ramzan and Kuwahara, Hiroyuki and Li, Yu and Song, Le and Gao, Xin},
	month = nov,
	year = {2017},
	pages = {3575--3583}
}

@article{kim2018,
	title = {{RIDDLE}: {Race} and ethnicity {Imputation} from {Disease} history with {Deep} {LEarning}},
	volume = {14},
	issn = {1553-7358},
	
	doi = {10.1371/journal.pcbi.1006106},
	language = {eng},
	number = {4},
	journal = {PLoS computational biology},
	author = {Kim, Ji-Sung and Gao, Xin and Rzhetsky, Andrey},
	month = apr,
	year = {2018},
	pages = {e1006106--e1006106}
}

@article{xia2018,
	title = {{DeeReCT}-{PolyA}: a robust and generic deep learning method for {PAS} identification},
	
	doi = {10.1093/bioinformatics/bty991},
	urldate = {2019-04-06},
	author = {Xia, Zhihao and Li, Yu and Li, Zhongxiao and Gao, Xin and Zhang, Bin and Hu, Yuhui and Chen, Wei},
	month = nov,
	year = {2018}
}
@inproceedings{nikolov2018combining,
  title={Combining RDF Graph Data and Embedding Models for an Augmented Knowledge Graph},
  author={Nikolov, Andriy and Haase, Peter and Herzig, Daniel M and Trame, Johannes and Kozlov, Artem},
  booktitle={Companion of the The Web Conference 2018 on The Web Conference 2018},
  pages={977--980},
  year={2018},
  organization={International World Wide Web Conferences Steering Committee}
}

@inproceedings{rdf2vec2016,
	title = {{RDF}2Vec: {RDF} {Graph} {Embeddings} for {Data} {Mining}.},
	
	doi = {10.1007/978-3-319-46523-4_30},
	booktitle = {The {Semantic} {Web} - {ISWC} 2016 - 15th {International} {Semantic} {Web} {Conference}, {Kobe}, {Japan}, {October} 17-21, 2016, {Proceedings}, {Part} {I}},
	author = {Ristoski, Petar and Paulheim, Heiko},
	year = {2016},
	pages = {498--514}
}

@inproceedings{cochez2017,
	title = {Global {RDF} {Vector} {Space} {Embeddings}.},
	
	doi = {10.1007/978-3-319-68288-4_12},
	booktitle = {The {Semantic} {Web} - {ISWC} 2017 - 16th {International} {Semantic} {Web} {Conference}, {Vienna}, {Austria}, {October} 21-25, 2017, {Proceedings}, {Part} {I}},
	author = {Cochez, Michael and Ristoski, Petar and Ponzetto, Simone Paolo and Paulheim, Heiko},
	year = {2017},
	pages = {190--207}
}

@article{vec2sparql2018,
	title = {Vec2SPARQL: integrating {SPARQL} queries and knowledge graph embeddings},
	
	doi = {10.1101/463778},
	journal = {bioRxiv},
	author = {Kulmanov, Maxat and Kafkas, Senay and Karwath, Andreas and Malic, Alexander and Gkoutos, Georgios and Dumontier, Michel and Hoehndorf, Robert},
	month = jan,
	year = {2018},
	pages = {463778}
}
@book{modelisation_2002,
	title = {Modelisation {Objet} {Avec} {Uml} - {Muller} - 2Ã¨me Ã©dition - {Librairie} {Eyrolles}},
	language = {fr},
	urldate = {2019-04-07},
	publisher = {Eyrolles.},
	author = {Pierre-Alain, Muller and Gaertner, Nathalie},
	year = {2002},
	file = {Snapshot:/Users/plarmande/Library/Application Support/Firefox/Profiles/wsz7l1uu.default/zotero/storage/N4WCBU8E/modelisation-objet-avec-uml-9782212091229.html:text/html}
}

@book{elmasri_2006,
	address = {Boston, MA, USA},
	title = {Fundamentals of {Database} {Systems} (5th {Edition})},
	isbn = {0-321-36957-2},
	publisher = {Addison-Wesley Longman Publishing Co., Inc.},
	author = {Elmasri, Ramez and Navathe, Shamkant B.},
	year = {2006}
}

@article{Sequeda2006,
	title = {Survey of {Directly} {Mapping} {SQL} {Databases} to the {Semantic} {Web}},
	author = {Sequeda, Juan F and Tirmizi, Syed Hamid and Corcho, Oscar and Miranker, Daniel P},
	year = {2011},
	keywords = {ontology, semantic web, owl, rdf, rdfs, relational databases},
	pages = {1--33}
}
@inproceedings{Davis1987,
	title = {Converting {A} {Relational} {Database} {Model} into an {Entity}-{Relationship} {Model}},
	booktitle = {in {Proceedings} of the {Sixth} {International} {Conference} on {Entity}-{Relationship} {Approach}},
	author = {Davis, K. H. and Arora, A. K.},
	year = {1987}
}

@article{Cullot2007,
	title = {{DB}2OWL : {A} {Tool} for {Automatic} {Database}-to-{Ontology} {Mapping} 2 {Database} to {Ontology} {Mappings} : {DB}2OWL {Tool}},
	author = {Cullot, Nadine and Ghawi, Raji and YÃ©tongnon, Kokou},
	year = {2007},
	keywords = {ontology, data integration and mapping, interoperability},
	pages = {1--4}
}

@article{tirmizi_2008,
	title = {Translating {SQL} {Applications} to the {Semantic} {Web}},
	author = {Tirmizi, Syed Hamid and Sequeda, Juan and Miranker, Daniel},
	year = {2008},
	pages = {450--464}
}

@article{wing2005,
	title = {The {Oryza} {Map} {Alignment} {Project}: {The} {Golden} {Path} to {Unlocking} the {Genetic} {Potential} of {Wild} {Rice} {Species}},
	volume = {59},
	issn = {1573-5028},
	doi = {10.1007/s11103-004-6237-x},
	number = {1},
	journal = {Plant Molecular Biology},
	author = {Wing, Rod A. and Ammiraju, Jetty S. S. and Luo, Meizhong and Kim, HyeRan and Yu, Yeisoo and Kudrna, Dave and Goicoechea, Jose L. and Wang, Wenming and Nelson, Will and Rao, Kiran and Brar, Darshan and Mackill, Dave J. and Han, Bin and Soderlund, Cari and Stein, Lincoln and SanMiguel, Phillip and Jackson, Scott},
	month = sep,
	year = {2005},
	pages = {53--62}
}